3200 4959
1277 314 1674 382 -61-

304 510 556 599 longae
630 512 982 577 orationes
1062 512 1150 577 sd
1227 530 1446 599 seque
1520 514 1771 598 longas
1850 530 2061 597 saepe
2136 516 2642 595 annectuntur3

305 619 394 685 cf.
444 619 528 684 de
575 618 1050 707 Xenophonte
1098 642 1164 707 p.
1213 620 1320 687 40.

515 725 836 813 Denique
883 725 1300 813 simplicitas
1343 724 1580 811 aliqua
1628 723 1902 791 dicendi
1962 724 2173 790 facile
2232 725 2525 809 exsistit,
2586 725 2647 791 si

305 832 587 897 eaedem
635 852 910 920 semper
951 831 1394 917 inductiones
1442 833 1823 899 iterantur:
1884 832 2073 919 quod
2118 832 2219 897 eis
2266 832 2645 919 praecipue

303 937 558 1003 accidit
604 938 797 1023 locis,
845 938 1096 1025 quibus
1133 938 1607 1005 breviusculae
1656 938 2011 1005 orationes
2055 958 2202 1003 sese
2243 937 2641 1027 excipiunt3

301 1044 486 1111 hanc
533 1045 753 1132 igitur
797 1046 1325 1133 simplicitatem
1386 1044 1663 1111 dicendi
1724 1051 1803 1111 ut
1864 1045 2073 1110 tollat
2134 1044 2272 1111 duo
2336 1032 2645 1113 ertificia

303 1152 594 1218 adhibet
639 1153 878 1219 Plato:
929 1152 1228 1240 primum
1277 1152 1675 1220 inversione
1706 1152 1950 1236 utitur,
1998 1154 2084 1217 de
2117 1172 2257 1238 qua
2286 1152 2646 1239 disputare

301 1280 488 1325 nunc
535 1259 816 1345 quidem
865 1260 1302 1347 supersedeo,
1351 1259 1600 1323 deinde
1650 1258 1847 1325 addit
1893 1259 1982 1323 ad
2029 1257 2455 1323 locutionem
2502 1248 2541 1348 ἦ
2586 1251 2645 1324 ‹5’

301 1360 372 1444 ὃς
431 1365 658 1453 ipsum
722 1364 1144 1431 subiectum:
1217 1372 1289 1431 et
1351 1365 1631 1452 quidem
1696 1364 1999 1430 maxime
2048 1372 2425 1430 occurrunt
2471 1364 2647 1430 haec

301 1472 436 1537 duo
487 1471 797 1537 artificia
857 1472 934 1535 in
989 1466 1440 1559 Euthydemo
1500 1479 1713 1557 atque
1774 1470 2171 1537 Phaedone.
2264 1472 2495 1559 Pergo
2556 1472 2645 1539 sd

301 1586 532 1643 cetera
577 1578 816 1645 verba.
2470 1654 2473 1657 ,

515 1684 822 1749 Parvum
870 1697 1018 1750 esse
1064 1684 1436 1750 verborum
1487 1684 1833 1749 delectum
1880 1704 2091 1773 supra
2157 1684 2296 1751 ium
2361 1685 2433 1749 in
2494 1685 2647 1751 uni-

299 1812 576 1857 versum
647 1791 882 1858 statui.
977 1790 1136 1855 Hoc
1181 1789 1518 1878 exemplis
1571 1788 1927 1857 nonnullis
1978 1811 2166 1857 nune
2221 1790 2643 1875 illustretur-3

300 1898 389 1965 cf.
469 1897 658 1963 infra
743 1892 1076 1963 tabellam
1159 1896 1300 1966 1V.’
1400 1896 1590 1962 Raro
1674 1905 1953 1963 tantum
2038 1897 2257 1963 verba
2339 1900 2639 1985 rogandi

299 2004 800 2089 admittuntur,
859 2013 1018 2069 raro
1081 1998 1399 2091 ἄρχεσθαι
1417 2054 1434 2082 ,
1497 2004 1713 2071 etiam
1773 2002 1997 2069 rarius
2056 2005 2227 2091 λέγει
2287 2012 2359 2069 et
2420 2004 2642 2085 ἔλεξεν,

297 2132 478 2197 quae
547 2113 758 2177 semel
833 2118 1112 2176 tantum
1191 2111 1264 2175 in
1343 2110 1684 2176 Convivio
1762 2109 2214 2194 exhibentur;
2291 2112 2647 2199 respuitur

299 2218 585 2283 omnino
631 2217 1126 2305 imperfectum
1173 2216 1402 2303 ἔλεγεν.

511 2324 795 2390 Maioris
829 2346 994 2390 vero
1028 2322 1202 2389 mihi
1235 2323 1516 2409 quidem
1547 2323 1827 2388 videtur
1844 2324 2196 2389 ‘momenti
2228 2322 2381 2391 hoc.
2452 2322 2649 2391 Nun-

293 2449 506 2517 quam
577 2432 864 2497 verbum
933 2430 1223 2495 finitum
1291 2422 1689 2517 ἅπεκρίνατο
1748 2430 1821 2493 in
1890 2430 2191 2517 dialogis
2250 2450 2641 2499 sermonem

294 2538 585 2603 inducit.
667 2540 1002 2605 Attamen
1051 2559 1194 2603 non
1228 2537 1474 2623 ignota
1505 2537 1680 2603 haec
1714 2558 1851 2601 vox
1886 2533 2167 2602 Platoni
2212 2538 2371 2621 fuit,
2418 2538 2633 2605 immo

294 2646 366 2710 in
423 2644 850 2711 inductionis
911 2643 1228 2711 formulis
1289 2643 1388 2709 ita
1454 2666 1609 2709 eam
1676 2648 1985 2731 usurpat,
2048 2652 2131 2709 ut
2190 2645 2641 2733 participium

292 2744 794 2835 ἀποκρινόμενος
842 2752 930 2817 ad
978 2750 1192 2815 verba
1241 2750 1519 2815 dicendi
1567 2750 1901 2815 addatur:
1966 2751 2052 2815 ad
2112 2750 2236 2840 ἔφη
2290 2752 2641 2819 Charmid.

303 2859 426 2923 153
445 2857 529 2939 D,
579 2858 668 2921 ad
707 2854 888 2923 εἶπεν
924 2857 1294 2944 Protagor.
1344 2856 1659 2941 314D31)
1693 2846 2293 2945 Ροιτσοταπὶοηθει
2324 2880 2440 2925 eas
2472 2882 2643 2925 non-

297 2981 656 3050 nunquam
719 2985 858 3029 vox
919 2956 1399 3051 ἆποκρὶνεσθαι
1460 2962 1765 3047 inducit,
1837 2984 2015 3051 quae
2076 2964 2267 3053 ipsae
2340 2954 2642 3033 insertae

297 3066 459 3136 sunt
526 3071 742 3159 ipsius
805 3070 1070 3157 dialogi
1119 3068 1330 3135 alicui
1379 3070 1715 3136 sermoni:
1780 3070 2065 3157 Protag.
2115 3072 2327 3137 344A
2374 3064 2643 3160 ἀποκρι-

295 3179 588 3262 mites-vom
650 3174 952 3265 Republ.
1017 3176 1230 3243 330A
1290 3169 1700 3262 ἄπεκρίνατο.
1798 3178 1948 3256 Quo
2012 3198 2098 3242 ex
2168 3180 2641 3268 usurpationis

297 3280 694 3349 discrimine
745 3282 954 3349 facile
1003 3284 1137 3349 hoc
1185 3282 1448 3349 elucet:
1501 3282 1971 3371 exstirpatum
2008 3306 2152 3349 esse
2187 3284 2318 3351 hoe
2352 3289 2641 3353 verbum

299 3415 337 3457 a
387 3393 683 3457 Platone
730 3390 802 3455 in
865 3390 1016 3478 ipso
1079 3391 1364 3477 dialogo
1427 3412 1508 3456 eo
1569 3389 1884 3473 consili0‚
1945 3398 2026 3456 ut
2086 3392 2381 3480 simplex
2448 3392 2641 3459 exhi-

303 3498 548 3563 beatur
593 3496 836 3585 populi
885 3516 1106 3583 genus
1153 3497 1451 3563 dicendi.
1473 3502 1526 3578 ⁹)

515 3624 564 3687 l)
603 3620 986 3675 Primitivam
1039 3620 1203 3673 illam
1255 3618 1356 3674 hic
1407 3618 1577 3675 vides
1632 3618 1915 3687 loquendi
1957 3623 2281 3692 rationem,
2341 3642 2521 3691 quam
2578 3628 2641 3681 in

297 3710 560 3767 Homero
602 3710 1091 3765 observavimus:
1144 3700 1596 3781 εἷπαμκβόμενος
1633 3712 1881 3782 προσέφη
1910 3751 1921 3763 .
1952 3748 1965 3763 .
1992 3756 2001 3765 .

509 3800 565 3869 2)
605 3796 811 3853 Simile
849 3794 994 3865 quid
1033 3798 1093 3852 in
1133 3796 1420 3853 Cicerone
1460 3797 1803 3852 invenimus
1835 3796 2055 3870 quippe
2082 3802 2183 3867 qui
2222 3800 2297 3857 ad
2336 3818 2641 3859 sermones

299 3906 399 3945 eos
453 3885 843 3956 inducendos,
901 3886 1004 3954 qui
1063 3888 1259 3959 ipsius
1310 3885 1530 3959 dialogi
1588 3886 1966 3942 orationibus
2020 3889 2383 3961 inseruntur,
2437 3893 2641 3965 plures

298 3978 536 4033 noverit
572 3976 866 4032 formulas
896 3977 1056 4030 sicut
1083 3972 1357 4046 „sddidi“
1398 3974 1472 4029 de
1499 3982 1650 4030 orat.
1689 3974 1749 4029 ΙΙ
1789 3976 1959 4045 6,24;
2000 3984 2459 4049 „percontatu1·“
2498 3982 2641 4036 ibid.

300 4065 356 4129 11
395 4070 480 4135 63,
503 4068 605 4121 255
645 4078 781 4133 etc.;
821 4063 1015 4137 ipsius
1055 4082 1197 4120 vero
1237 4062 1462 4137 dialogi
1519 4064 1823 4119 orationes
1864 4064 1993 4119 sola
2046 4079 2195 4121 voce
2232 4069 2499 4137 „inquiv‘
2554 4070 2643 4125 in·-

301 4156 630 4211 ducuntur:
659 4158 889 4227 septem
911 4158 1148 4207 tantum
1172 4154 1440 4225 exceptis
1460 4150 1627 4224 lociS,
1656 4155 1761 4225 qui
1778 4152 2171 4226 „incipiendi“
2187 4158 2370 4212 verba
2388 4158 2615 4215 habent
2640 4172 2654 4209 τ

301 4260 587 4315 „exorsus
627 4246 752 4297 est“
792 4242 1032 4297 similia.
