<?xml version="1.0" encoding="UTF-8"?>
<!DOCTYPE html PUBLIC "-//W3C//DTD XHTML 1.0 Transitional//EN"
    "http://www.w3.org/TR/xhtml1/DTD/xhtml1-transitional.dtd">
<html xmlns="http://www.w3.org/1999/xhtml" xml:lang="en" lang="en">
 <head>
  <title>
</title>
<meta http-equiv="Content-Type" content="text/html;charset=utf-8" />
  <meta name='ocr-system' content='tesseract 3.04.00' />
  <meta name='ocr-capabilities' content='ocr_page ocr_carea ocr_par ocr_line ocrx_word'/>
</head>
<body>
  <div class='ocr_page' id='page_1' title='image "./quomodoinducant00buengoog_0035.png"; bbox 0 0 3200 4959; ppageno 0'>
   <div class='ocr_carea' id='block_1_1' title="bbox 1365 316 1762 387">
    <p class='ocr_par' dir='ltr' id='par_1_1' title="bbox 1365 316 1762 387">
     <span class='ocr_line' id='line_1_1' title="bbox 1365 316 1762 387; baseline 0.008 -22"><span class='ocrx_word' id='word_1_1' title='bbox 1365 316 1762 387; x_wconf 70' lang='lat'><strong>-31-.</strong></span> 
     </span>
    </p>
   </div>
   <div class='ocr_carea' id='block_1_2' title="bbox 391 511 2840 1792">
    <p class='ocr_par' dir='ltr' id='par_1_2' title="bbox 391 511 2840 1455">
     <span class='ocr_line' id='line_1_2' title="bbox 391 511 2752 600; baseline 0.001 -24"><span class='ocrx_word' id='word_1_2' title='bbox 391 512 610 577; x_wconf 83' lang='lat' dir='ltr'><strong>verba</strong></span> <span class='ocrx_word' id='word_1_3' title='bbox 659 534 838 599; x_wconf 89' lang='lat' dir='ltr'><strong>quae</strong></span> <span class='ocrx_word' id='word_1_4' title='bbox 885 511 1166 599; x_wconf 86' lang='lat' dir='ltr'><strong>lougius</strong></span> <span class='ocrx_word' id='word_1_5' title='bbox 1213 519 1482 579; x_wconf 89' lang='lat' dir='ltr'><strong>remota</strong></span> <span class='ocrx_word' id='word_1_6' title='bbox 1531 520 1695 579; x_wconf 86' lang='lat' dir='ltr'><strong>sunt</strong></span> <span class='ocrx_word' id='word_1_7' title='bbox 1756 512 1846 579; x_wconf 87' lang='lat' dir='ltr'><strong>ab</strong></span> <span class='ocrx_word' id='word_1_8' title='bbox 1892 512 2044 600; x_wconf 81' lang='lat' dir='ltr'><strong>ipsa</strong></span> <span class='ocrx_word' id='word_1_9' title='bbox 2104 512 2392 579; x_wconf 88' lang='lat' dir='ltr'><strong>notione</strong></span> <span class='ocrx_word' id='word_1_10' title='bbox 2454 514 2752 599; x_wconf 89' lang='lat' dir='ltr'><strong>dicendi,</strong></span> 
     </span>
     <span class='ocr_line' id='line_1_3' title="bbox 395 618 2749 707; baseline 0.001 -22"><span class='ocrx_word' id='word_1_11' title='bbox 395 619 640 685; x_wconf 89' lang='lat' dir='ltr'><strong>eadem</strong></span> <span class='ocrx_word' id='word_1_12' title='bbox 672 618 820 684; x_wconf 84' lang='lat' dir='ltr'><strong>fere</strong></span> <span class='ocrx_word' id='word_1_13' title='bbox 855 618 1254 704; x_wconf 73' lang='lat' dir='ltr'><strong>frequentia</strong></span> <span class='ocrx_word' id='word_1_14' title='bbox 1289 618 1738 706; x_wconf 82' lang='lat' dir='ltr'><strong>Thucydides</strong></span> <span class='ocrx_word' id='word_1_15' title='bbox 1788 618 2100 686; x_wconf 85' lang='lat' dir='ltr'><strong>admittit</strong></span> <span class='ocrx_word' id='word_1_16' title='bbox 2146 643 2283 707; x_wconf 86' lang='lat' dir='ltr'><strong>qua</strong></span> <span class='ocrx_word' id='word_1_17' title='bbox 2316 620 2749 703; x_wconf 85' lang='lat' dir='ltr'><strong>Herodotus;</strong></span> 
     </span>
     <span class='ocr_line' id='line_1_4' title="bbox 396 725 2750 813; baseline 0.001 -22"><span class='ocrx_word' id='word_1_18' title='bbox 396 734 704 791; x_wconf 89' lang='lat' dir='ltr'><strong>ceterum</strong></span> <span class='ocrx_word' id='word_1_19' title='bbox 787 726 1064 813; x_wconf 83' lang='lat' dir='ltr'><strong>saepius</strong></span> <span class='ocrx_word' id='word_1_20' title='bbox 1141 725 1590 812; x_wconf 78' lang='lat' dir='ltr'><strong>Thucydides</strong></span> <span class='ocrx_word' id='word_1_21' title='bbox 1669 726 1913 791; x_wconf 84' lang='lat' dir='ltr'><strong>eadem</strong></span> <span class='ocrx_word' id='word_1_22' title='bbox 1989 726 2207 792; x_wconf 86' lang='lat' dir='ltr'><strong>verba</strong></span> <span class='ocrx_word' id='word_1_23' title='bbox 2285 726 2540 793; x_wconf 86' lang='lat' dir='ltr'><strong>iterare</strong></span> <span class='ocrx_word' id='word_1_24' title='bbox 2610 750 2750 794; x_wconf 88' lang='lat' dir='ltr'><strong>non</strong></span> 
     </span>
     <span class='ocr_line' id='line_1_5' title="bbox 397 820 2748 920; baseline 0.001 -23"><span class='ocrx_word' id='word_1_25' title='bbox 397 832 855 917; x_wconf 71' lang='lat' dir='ltr'><strong>dedignatur:</strong></span> <span class='ocrx_word' id='word_1_26' title='bbox 903 832 1088 897; x_wconf 87' lang='lat' dir='ltr'><strong>unde</strong></span> <span class='ocrx_word' id='word_1_27' title='bbox 1136 830 1366 897; x_wconf 90' lang='lat' dir='ltr'><strong>minor</strong></span> <span class='ocrx_word' id='word_1_28' title='bbox 1429 832 1576 897; x_wconf 84' lang='lat' dir='ltr'><strong>eius</strong></span> <span class='ocrx_word' id='word_1_29' title='bbox 1634 838 1939 920; x_wconf 87' lang='lat' dir='ltr'><strong>apparet</strong></span> <span class='ocrx_word' id='word_1_30' title='bbox 1998 833 2363 899; x_wconf 83' lang='lat' dir='ltr'><strong>varietatis</strong></span> <span class='ocrx_word' id='word_1_31' title='bbox 2422 820 2637 900; x_wconf 82' lang='lat' dir='ltr'><strong>amor</strong></span> <span class='ocrx_word' id='word_1_32' title='bbox 2666 872 2748 885; x_wconf 80' lang='lat'><strong>-—</strong></span> 
     </span>
     <span class='ocr_line' id='line_1_6' title="bbox 397 937 2840 1027; baseline 0.001 -23"><span class='ocrx_word' id='word_1_33' title='bbox 397 939 486 1005; x_wconf 80' lang='lat' dir='ltr'><strong>cf.</strong></span> <span class='ocrx_word' id='word_1_34' title='bbox 537 939 806 1027; x_wconf 69' lang='grc' dir='ltr'><strong><em>παρῄνει</em></strong></span> <span class='ocrx_word' id='word_1_35' title='bbox 854 938 890 1005; x_wconf 94' lang='lat' dir='ltr'><strong>I</strong></span> <span class='ocrx_word' id='word_1_36' title='bbox 927 940 1072 1021; x_wconf 83' lang='lat'><strong>139,</strong></span> <span class='ocrx_word' id='word_1_37' title='bbox 1124 937 1196 1002; x_wconf 91' lang='lat' dir='ltr'><strong>II</strong></span> <span class='ocrx_word' id='word_1_38' title='bbox 1233 938 1336 1023; x_wconf 89' lang='lat'><strong>10,</strong></span> <span class='ocrx_word' id='word_1_39' title='bbox 1386 938 1490 1005; x_wconf 88' lang='lat' dir='ltr'><strong>VI</strong></span> <span class='ocrx_word' id='word_1_40' title='bbox 1519 940 1583 1023; x_wconf 88' lang='lat'><strong>8,</strong></span> <span class='ocrx_word' id='word_1_41' title='bbox 1640 942 1753 1021; x_wconf 81' lang='lat'><strong>153</strong></span> <span class='ocrx_word' id='word_1_42' title='bbox 1801 940 2313 1025; x_wconf 77' lang='grc' dir='ltr'><strong><em>παρεκελεύσατο</em></strong></span> <span class='ocrx_word' id='word_1_43' title='bbox 2343 940 2446 1005; x_wconf 92' lang='lat' dir='ltr'><strong>IV</strong></span> <span class='ocrx_word' id='word_1_44' title='bbox 2477 942 2539 1025; x_wconf 84' lang='lat'><strong>9,</strong></span> <span class='ocrx_word' id='word_1_45' title='bbox 2594 942 2751 1021; x_wconf 83' lang='lat'>125;</span> <span class='ocrx_word' id='word_1_46' title='bbox 2836 940 2840 945; x_wconf 71' lang='grc'>’</span> 
     </span>
     <span class='ocr_line' id='line_1_7' title="bbox 399 1039 2752 1137; baseline 0.002 -28"><span class='ocrx_word' id='word_1_47' title='bbox 399 1046 500 1111; x_wconf 89' lang='lat' dir='ltr'><strong>VI</strong></span> <span class='ocrx_word' id='word_1_48' title='bbox 530 1048 649 1127; x_wconf 77' lang='lat'><strong>673</strong></span> <span class='ocrx_word' id='word_1_49' title='bbox 699 1039 1083 1135; x_wconf 75' lang='grc' dir='ltr'><em>ἇπήγγειλεν</em></span> <span class='ocrx_word' id='word_1_50' title='bbox 1111 1044 1214 1112; x_wconf 90' lang='lat' dir='ltr'><strong>IV</strong></span> <span class='ocrx_word' id='word_1_51' title='bbox 1247 1046 1355 1129; x_wconf 86' lang='lat'><strong>38,</strong></span> <span class='ocrx_word' id='word_1_52' title='bbox 1387 1046 1464 1111; x_wconf 93' lang='lat' dir='ltr'><strong>II</strong></span> <span class='ocrx_word' id='word_1_53' title='bbox 1499 1046 1619 1128; x_wconf 80' lang='lat'><strong>733</strong></span> <span class='ocrx_word' id='word_1_54' title='bbox 1662 1052 2113 1131; x_wconf 66' lang='grc' dir='ltr'><strong><em>παρεμυθεῖτο</em></strong></span> <span class='ocrx_word' id='word_1_55' title='bbox 2144 1046 2285 1113; x_wconf 88' lang='lat' dir='ltr'><strong>VH</strong></span> <span class='ocrx_word' id='word_1_56' title='bbox 2319 1047 2437 1137; x_wconf 72' lang='lat'><strong>763</strong></span> <span class='ocrx_word' id='word_1_57' title='bbox 2470 1042 2752 1137; x_wconf 72' lang='grc' dir='ltr'><strong><em>ᾄδεσθαι</em></strong></span> 
     </span>
     <span class='ocr_line' id='line_1_8' title="bbox 396 1150 2751 1241; baseline 0.001 -24"><span class='ocrx_word' id='word_1_58' title='bbox 396 1152 471 1217; x_wconf 88' lang='grc' dir='ltr'><strong>ΙΙ</strong></span> <span class='ocrx_word' id='word_1_59' title='bbox 501 1154 621 1218; x_wconf 84' lang='grc'><strong>54;</strong></span> <span class='ocrx_word' id='word_1_60' title='bbox 671 1161 1032 1241; x_wconf 82' lang='lat' dir='ltr'><strong>praeterea</strong></span> <span class='ocrx_word' id='word_1_61' title='bbox 1067 1152 1266 1219; x_wconf 86' lang='lat' dir='ltr'><strong>adest</strong></span> <span class='ocrx_word' id='word_1_62' title='bbox 1297 1150 1478 1221; x_wconf 76' lang='grc' dir='ltr'><strong><em>εἶπεν</em></strong></span> <span class='ocrx_word' id='word_1_63' title='bbox 1511 1160 1781 1239; x_wconf 82' lang='lat' dir='ltr'><strong>quater,</strong></span> <span class='ocrx_word' id='word_1_64' title='bbox 1817 1150 2003 1221; x_wconf 72' lang='grc' dir='ltr'><strong><em>εἶπον</em></strong></span> <span class='ocrx_word' id='word_1_65' title='bbox 2033 1154 2267 1239; x_wconf 84' lang='lat' dir='ltr'><strong>semel,</strong></span> <span class='ocrx_word' id='word_1_66' title='bbox 2316 1152 2527 1240; x_wconf 71' lang='grc' dir='ltr'><em>ἔλεγεν</em></span> <span class='ocrx_word' id='word_1_67' title='bbox 2556 1155 2751 1237; x_wconf 74' lang='lat'><strong>9¹0¹¹⁸3</strong></span> 
     </span>
     <span class='ocr_line' id='line_1_9' title="bbox 397 1258 2749 1349; baseline 0 -24"><span class='ocrx_word' id='word_1_68' title='bbox 397 1258 610 1346; x_wconf 70' lang='grc' dir='ltr'><em>ἔλεγον</em></span> <span class='ocrx_word' id='word_1_69' title='bbox 643 1260 836 1341; x_wconf 71' lang='lat'><strong>7¹⁰¹¹¹³3</strong></span> <span class='ocrx_word' id='word_1_70' title='bbox 888 1259 1091 1339; x_wconf 72' lang='grc' dir='ltr'><em>ἔλεξεν</em></span> <span class='ocrx_word' id='word_1_71' title='bbox 1121 1258 1316 1341; x_wconf 69' lang='lat'>6¹²⁰⁸;</span> <span class='ocrx_word' id='word_1_72' title='bbox 1367 1258 1581 1337; x_wconf 76' lang='grc' dir='ltr'><strong><em>ἔλεξαν</em></strong></span> <span class='ocrx_word' id='word_1_73' title='bbox 1614 1266 1885 1346; x_wconf 86' lang='lat' dir='ltr'><strong>quater,</strong></span> <span class='ocrx_word' id='word_1_74' title='bbox 1918 1258 2044 1349; x_wconf 75' lang='grc' dir='ltr'><strong>ἔφη</strong></span> <span class='ocrx_word' id='word_1_75' title='bbox 2076 1259 2199 1343; x_wconf 89' lang='lat' dir='ltr'><strong>bis,</strong></span> <span class='ocrx_word' id='word_1_76' title='bbox 2248 1260 2449 1345; x_wconf 78' lang='grc' dir='ltr'><em>λέγων</em></span> <span class='ocrx_word' id='word_1_77' title='bbox 2480 1268 2749 1349; x_wconf 78' lang='lat' dir='ltr'><strong>quater,</strong></span> 
     </span>
     <span class='ocr_line' id='line_1_10' title="bbox 397 1360 1645 1455; baseline 0 -22"><span class='ocrx_word' id='word_1_78' title='bbox 397 1366 607 1433; x_wconf 77' lang='grc' dir='ltr'><em>εἰπών</em></span> <span class='ocrx_word' id='word_1_79' title='bbox 653 1366 888 1450; x_wconf 88' lang='lat' dir='ltr'><strong>semel,</strong></span> <span class='ocrx_word' id='word_1_80' title='bbox 935 1360 1329 1453; x_wconf 78' lang='grc' dir='ltr'><strong><em>ἆπεκρίνατο</em></strong></span> <span class='ocrx_word' id='word_1_81' title='bbox 1377 1374 1645 1455; x_wconf 87' lang='lat' dir='ltr'><strong>quater.</strong></span> 
     </span>
    </p>

    <p class='ocr_par' dir='ltr' id='par_1_3' title="bbox 399 1490 2752 1792">
     <span class='ocr_line' id='line_1_11' title="bbox 611 1490 2752 1580; baseline 0.002 -25"><span class='ocrx_word' id='word_1_82' title='bbox 611 1491 926 1559; x_wconf 90' lang='lat' dir='ltr'><strong>Primum</strong></span> <span class='ocrx_word' id='word_1_83' title='bbox 973 1512 1139 1557; x_wconf 88' lang='lat' dir='ltr'><strong>vero</strong></span> <span class='ocrx_word' id='word_1_84' title='bbox 1190 1491 1376 1577; x_wconf 90' lang='lat' dir='ltr'><strong>quod</strong></span> <span class='ocrx_word' id='word_1_85' title='bbox 1421 1513 1675 1559; x_wconf 88' lang='lat' dir='ltr'><strong>moneo</strong></span> <span class='ocrx_word' id='word_1_86' title='bbox 1723 1490 1857 1557; x_wconf 90' lang='lat' dir='ltr'><strong>hoc</strong></span> <span class='ocrx_word' id='word_1_87' title='bbox 1906 1498 2041 1557; x_wconf 81' lang='lat' dir='ltr'><strong>est:</strong></span> <span class='ocrx_word' id='word_1_88' title='bbox 2092 1513 2437 1579; x_wconf 82' lang='lat' dir='ltr'><strong>nusquam</strong></span> <span class='ocrx_word' id='word_1_89' title='bbox 2472 1492 2752 1580; x_wconf 88' lang='lat' dir='ltr'><strong>Thucy-</strong></span> 
     </span>
     <span class='ocr_line' id='line_1_12' title="bbox 399 1596 2749 1685; baseline 0.001 -23"><span class='ocrx_word' id='word_1_90' title='bbox 399 1597 592 1663; x_wconf 88' lang='lat' dir='ltr'><strong>dides</strong></span> <span class='ocrx_word' id='word_1_91' title='bbox 671 1598 758 1663; x_wconf 90' lang='lat' dir='ltr'><strong>ad</strong></span> <span class='ocrx_word' id='word_1_92' title='bbox 823 1596 1219 1663; x_wconf 88' lang='lat' dir='ltr'><strong>huiusmodi</strong></span> <span class='ocrx_word' id='word_1_93' title='bbox 1297 1597 1513 1664; x_wconf 87' lang='lat' dir='ltr'><strong>verba</strong></span> <span class='ocrx_word' id='word_1_94' title='bbox 1574 1597 2027 1685; x_wconf 85' lang='lat' dir='ltr'><strong>participium</strong></span> <span class='ocrx_word' id='word_1_95' title='bbox 2086 1598 2285 1683; x_wconf 78' lang='grc' dir='ltr'><em>λέγων</em></span> <span class='ocrx_word' id='word_1_96' title='bbox 2347 1598 2461 1664; x_wconf 82' lang='lat' dir='ltr'><strong>vel</strong></span> <span class='ocrx_word' id='word_1_97' title='bbox 2521 1598 2749 1665; x_wconf 81' lang='lat' dir='ltr'><strong>simile</strong></span> 
     </span>
     <span class='ocr_line' id='line_1_13' title="bbox 399 1704 2356 1792; baseline 0.001 -23"><span class='ocrx_word' id='word_1_98' title='bbox 399 1704 714 1792; x_wconf 84' lang='lat' dir='ltr'><strong>adponit,</strong></span> <span class='ocrx_word' id='word_1_99' title='bbox 739 1709 786 1788; x_wconf 89' lang='lat'><strong>¹)</strong></span> <span class='ocrx_word' id='word_1_100' title='bbox 835 1704 1073 1791; x_wconf 88' lang='lat' dir='ltr'><strong>itaque</strong></span> <span class='ocrx_word' id='word_1_101' title='bbox 1121 1704 1212 1771; x_wconf 87' lang='lat' dir='ltr'><strong>ab</strong></span> <span class='ocrx_word' id='word_1_102' title='bbox 1259 1704 1665 1771; x_wconf 88' lang='lat' dir='ltr'><strong>Herodoteo</strong></span> <span class='ocrx_word' id='word_1_103' title='bbox 1711 1728 1839 1771; x_wconf 83' lang='lat' dir='ltr'><strong>usu</strong></span> <span class='ocrx_word' id='word_1_104' title='bbox 1888 1726 1959 1771; x_wconf 86' lang='lat' dir='ltr'><strong>se</strong></span> <span class='ocrx_word' id='word_1_105' title='bbox 2006 1704 2356 1773; x_wconf 86' lang='lat' dir='ltr'><strong>liberavit.</strong></span> 
     </span>
    </p>
   </div>
   <div class='ocr_carea' id='block_1_3' title="bbox 399 1826 2755 2238">
    <p class='ocr_par' dir='ltr' id='par_1_4' title="bbox 399 1826 2755 2238">
     <span class='ocr_line' id='line_1_14' title="bbox 612 1826 2755 1917; baseline 0.002 -25"><span class='ocrx_word' id='word_1_106' title='bbox 612 1827 910 1893; x_wconf 80' lang='lat' dir='ltr'><strong>Accedit</strong></span> <span class='ocrx_word' id='word_1_107' title='bbox 955 1826 1167 1895; x_wconf 89' lang='lat' dir='ltr'><strong>aliud.</strong></span> <span class='ocrx_word' id='word_1_108' title='bbox 1261 1828 1643 1916; x_wconf 84' lang='lat' dir='ltr'><strong>Nunquam</strong></span> <span class='ocrx_word' id='word_1_109' title='bbox 1700 1828 1888 1895; x_wconf 88' lang='lat' dir='ltr'><strong>enim</strong></span> <span class='ocrx_word' id='word_1_110' title='bbox 1936 1836 2214 1917; x_wconf 87' lang='lat' dir='ltr'><strong>tempus</strong></span> <span class='ocrx_word' id='word_1_111' title='bbox 2265 1828 2755 1916; x_wconf 83' lang='lat' dir='ltr'><strong>imperfectum</strong></span> 
     </span>
     <span class='ocr_line' id='line_1_15' title="bbox 401 1934 2753 2023; baseline 0.001 -24"><span class='ocrx_word' id='word_1_112' title='bbox 401 1934 703 2000; x_wconf 87' lang='lat' dir='ltr'><strong>breviori</strong></span> <span class='ocrx_word' id='word_1_113' title='bbox 765 1934 1117 2000; x_wconf 86' lang='lat' dir='ltr'><strong>antecedit</strong></span> <span class='ocrx_word' id='word_1_114' title='bbox 1179 1935 1481 2001; x_wconf 87' lang='lat' dir='ltr'><strong>orationi</strong></span> <span class='ocrx_word' id='word_1_115' title='bbox 1551 1956 1691 2001; x_wconf 88' lang='lat' dir='ltr'><strong>uno</strong></span> <span class='ocrx_word' id='word_1_116' title='bbox 1762 1942 2059 2023; x_wconf 85' lang='lat' dir='ltr'><strong>excepto</strong></span> <span class='ocrx_word' id='word_1_117' title='bbox 2132 1935 2284 2000; x_wconf 93' lang='lat' dir='ltr'><strong>loco</strong></span> <span class='ocrx_word' id='word_1_118' title='bbox 2348 1935 2383 2000; x_wconf 94' lang='lat' dir='ltr'><strong>I</strong></span> <span class='ocrx_word' id='word_1_119' title='bbox 2444 1938 2567 2001; x_wconf 84' lang='lat'><strong>53:</strong></span> <span class='ocrx_word' id='word_1_120' title='bbox 2640 1936 2753 2003; x_wconf 87' lang='lat' dir='ltr'><strong>hic</strong></span> 
     </span>
     <span class='ocr_line' id='line_1_16' title="bbox 399 2041 2752 2131; baseline 0.001 -24"><span class='ocrx_word' id='word_1_121' title='bbox 399 2049 635 2107; x_wconf 85' lang='lat' dir='ltr'><strong>autem</strong></span> <span class='ocrx_word' id='word_1_122' title='bbox 712 2041 906 2107; x_wconf 87' lang='lat' dir='ltr'><strong>locus</strong></span> <span class='ocrx_word' id='word_1_123' title='bbox 980 2041 1306 2108; x_wconf 88' lang='lat' dir='ltr'><strong>idoneum</strong></span> <span class='ocrx_word' id='word_1_124' title='bbox 1385 2041 1600 2109; x_wconf 81' lang='lat' dir='ltr'><strong>habet</strong></span> <span class='ocrx_word' id='word_1_125' title='bbox 1669 2041 2132 2131; x_wconf 83' lang='lat' dir='ltr'><strong>explicatum3</strong></span> <span class='ocrx_word' id='word_1_126' title='bbox 2204 2042 2495 2130; x_wconf 85' lang='lat' dir='ltr'><strong>pluralis</strong></span> <span class='ocrx_word' id='word_1_127' title='bbox 2566 2044 2752 2110; x_wconf 90' lang='lat' dir='ltr'><strong>enim</strong></span> 
     </span>
     <span class='ocr_line' id='line_1_17' title="bbox 400 2148 2753 2238; baseline 0.001 -25"><span class='ocrx_word' id='word_1_128' title='bbox 400 2171 728 2215; x_wconf 89' lang='lat' dir='ltr'><strong>numerus</strong></span> <span class='ocrx_word' id='word_1_129' title='bbox 785 2148 1176 2217; x_wconf 87' lang='lat' dir='ltr'><strong>orationem</strong></span> <span class='ocrx_word' id='word_1_130' title='bbox 1238 2148 1540 2233; x_wconf 87' lang='lat' dir='ltr'><strong>inducit;</strong></span> <span class='ocrx_word' id='word_1_131' title='bbox 1563 2154 1616 2234; x_wconf 76' lang='lat'><strong>²)</strong></span> <span class='ocrx_word' id='word_1_132' title='bbox 1680 2149 1951 2215; x_wconf 88' lang='lat' dir='ltr'><strong>accedit</strong></span> <span class='ocrx_word' id='word_1_133' title='bbox 2012 2150 2198 2235; x_wconf 90' lang='lat' dir='ltr'><strong>quod</strong></span> <span class='ocrx_word' id='word_1_134' title='bbox 2259 2148 2511 2234; x_wconf 82' lang='lat' dir='ltr'><strong>oratic,</strong></span> <span class='ocrx_word' id='word_1_135' title='bbox 2572 2172 2753 2238; x_wconf 82' lang='lat' dir='ltr'><strong>quae</strong></span> 
     </span>
    </p>
   </div>
   <div class='ocr_carea' id='block_1_4' title="bbox 415 2296 840 2307">
    <p class='ocr_par' dir='ltr' id='par_1_5' title="bbox 415 2296 840 2307">
     <span class='ocr_line' id='line_1_18' title="bbox 415 2296 840 2307; baseline 0 0"><span class='ocrx_word' id='word_1_136' title='bbox 415 2296 840 2307; x_wconf 95' lang='lat' dir='ltr'><strong> </strong></span> 
     </span>
    </p>
   </div>
   <div class='ocr_carea' id='block_1_5' title="bbox 405 2342 2760 3127">
    <p class='ocr_par' dir='ltr' id='par_1_6' title="bbox 405 2342 2760 3127">
     <span class='ocr_line' id='line_1_19' title="bbox 631 2342 2751 2417; baseline 0 -18"><span class='ocrx_word' id='word_1_137' title='bbox 631 2348 682 2415; x_wconf 90' lang='lat'><strong>1)</strong></span> <span class='ocrx_word' id='word_1_138' title='bbox 737 2345 1221 2417; x_wconf 84' lang='lat' dir='ltr'><strong>Appropinquari</strong></span> <span class='ocrx_word' id='word_1_139' title='bbox 1299 2361 1488 2417; x_wconf 85' lang='lat' dir='ltr'><strong>paene</strong></span> <span class='ocrx_word' id='word_1_140' title='bbox 1568 2343 1810 2399; x_wconf 83' lang='lat' dir='ltr'><strong>videtur</strong></span> <span class='ocrx_word' id='word_1_141' title='bbox 1874 2344 1988 2399; x_wconf 86' lang='lat' dir='ltr'><strong>hoc</strong></span> <span class='ocrx_word' id='word_1_142' title='bbox 2053 2360 2170 2399; x_wconf 88' lang='lat' dir='ltr'><strong>usu</strong></span> <span class='ocrx_word' id='word_1_143' title='bbox 2224 2343 2609 2415; x_wconf 84' lang='lat' dir='ltr'><strong>Thucydides</strong></span> <span class='ocrx_word' id='word_1_144' title='bbox 2675 2342 2751 2400; x_wconf 84' lang='lat' dir='ltr'><strong>ad</strong></span> 
     </span>
     <span class='ocr_line' id='line_1_20' title="bbox 409 2432 2751 2505; baseline 0 -17"><span class='ocrx_word' id='word_1_145' title='bbox 409 2434 612 2501; x_wconf 84' lang='lat' dir='ltr'><strong>qoesis</strong></span> <span class='ocrx_word' id='word_1_146' title='bbox 671 2450 1024 2498; x_wconf 83' lang='lat' dir='ltr'><strong>sermonem,</strong></span> <span class='ocrx_word' id='word_1_147' title='bbox 1080 2434 1434 2504; x_wconf 84' lang='lat' dir='ltr'><strong>praesertim</strong></span> <span class='ocrx_word' id='word_1_148' title='bbox 1490 2451 1629 2488; x_wconf 88' lang='lat' dir='ltr'><strong>cum</strong></span> <span class='ocrx_word' id='word_1_149' title='bbox 1684 2436 1924 2489; x_wconf 85' lang='lat' dir='ltr'><strong>noverit</strong></span> <span class='ocrx_word' id='word_1_150' title='bbox 1961 2432 2346 2505; x_wconf 83' lang='lat' dir='ltr'><strong>Thucydides</strong></span> <span class='ocrx_word' id='word_1_151' title='bbox 2398 2433 2550 2487; x_wconf 89' lang='lat' dir='ltr'><strong>illud</strong></span> <span class='ocrx_word' id='word_1_152' title='bbox 2607 2450 2751 2501; x_wconf 90' lang='lat' dir='ltr'><strong>quo-</strong></span> 
     </span>
     <span class='ocr_line' id='line_1_21' title="bbox 405 2520 2749 2595; baseline 0 -18"><span class='ocrx_word' id='word_1_153' title='bbox 405 2538 521 2591; x_wconf 89' lang='lat' dir='ltr'><strong>que</strong></span> <span class='ocrx_word' id='word_1_154' title='bbox 549 2522 844 2595; x_wconf 86' lang='lat' dir='ltr'><strong>dueplicis</strong></span> <span class='ocrx_word' id='word_1_155' title='bbox 883 2522 1174 2578; x_wconf 84' lang='lat' dir='ltr'><strong>orationis</strong></span> <span class='ocrx_word' id='word_1_156' title='bbox 1213 2538 1421 2595; x_wconf 75' lang='lat' dir='ltr'><strong>genuS,</strong></span> <span class='ocrx_word' id='word_1_157' title='bbox 1462 2520 1621 2590; x_wconf 89' lang='lat' dir='ltr'><strong>quod</strong></span> <span class='ocrx_word' id='word_1_158' title='bbox 1648 2524 1851 2594; x_wconf 86' lang='lat' dir='ltr'><strong>poesis</strong></span> <span class='ocrx_word' id='word_1_159' title='bbox 1890 2522 2169 2593; x_wconf 83' lang='lat' dir='ltr'><strong>inprimis</strong></span> <span class='ocrx_word' id='word_1_160' title='bbox 2195 2524 2502 2595; x_wconf 87' lang='lat' dir='ltr'><strong>proprium</strong></span> <span class='ocrx_word' id='word_1_161' title='bbox 2530 2520 2749 2577; x_wconf 82' lang='lat' dir='ltr'><strong>fuerat.</strong></span> 
     </span>
     <span class='ocr_line' id='line_1_22' title="bbox 407 2608 2753 2684; baseline -0 -18"><span class='ocrx_word' id='word_1_162' title='bbox 407 2612 743 2684; x_wconf 74' lang='lat' dir='ltr'><strong>Coniungit</strong></span> <span class='ocrx_word' id='word_1_163' title='bbox 779 2612 938 2666; x_wconf 86' lang='lat' dir='ltr'><strong>enim</strong></span> <span class='ocrx_word' id='word_1_164' title='bbox 975 2610 1361 2683; x_wconf 81' lang='lat' dir='ltr'><strong>Thucydides</strong></span> <span class='ocrx_word' id='word_1_165' title='bbox 1400 2610 1520 2665; x_wconf 90' lang='lat' dir='ltr'><strong>duo</strong></span> <span class='ocrx_word' id='word_1_166' title='bbox 1559 2608 1881 2666; x_wconf 87' lang='lat' dir='ltr'><strong>inducendi</strong></span> <span class='ocrx_word' id='word_1_167' title='bbox 1921 2609 2107 2665; x_wconf 85' lang='lat' dir='ltr'><strong>verba</strong></span> <span class='ocrx_word' id='word_1_168' title='bbox 2144 2610 2441 2682; x_wconf 84' lang='lat' dir='ltr'><strong>particula</strong></span> <span class='ocrx_word' id='word_1_169' title='bbox 2478 2615 2596 2666; x_wconf 72' lang='grc' dir='ltr'><strong>καῖε</strong></span> <span class='ocrx_word' id='word_1_170' title='bbox 2635 2608 2753 2665; x_wconf 87' lang='lat' dir='ltr'><strong>VH</strong></span> 
     </span>
     <span class='ocr_line' id='line_1_23' title="bbox 408 2696 2752 2773; baseline -0.001 -18"><span class='ocrx_word' id='word_1_171' title='bbox 408 2704 477 2757; x_wconf 82' lang='lat'><strong>76</strong></span> <span class='ocrx_word' id='word_1_172' title='bbox 517 2696 797 2773; x_wconf 70' lang='grc' dir='ltr'><strong>ἐθάρσυνε</strong></span> <span class='ocrx_word' id='word_1_173' title='bbox 847 2704 939 2755; x_wconf 80' lang='grc' dir='ltr'><strong>καὶ</strong></span> <span class='ocrx_word' id='word_1_174' title='bbox 987 2708 1392 2773; x_wconf 72' lang='grc' dir='ltr'><strong>παρεμυθεῖτο.</strong></span> <span class='ocrx_word' id='word_1_175' title='bbox 1465 2698 1581 2753; x_wconf 85' lang='lat' dir='ltr'><strong>Sed</strong></span> <span class='ocrx_word' id='word_1_176' title='bbox 1621 2705 1822 2753; x_wconf 77' lang='lat' dir='ltr'><strong>tamen</strong></span> <span class='ocrx_word' id='word_1_177' title='bbox 1864 2696 2026 2753; x_wconf 80' lang='lat' dir='ltr'><strong>hunc</strong></span> <span class='ocrx_word' id='word_1_178' title='bbox 2064 2698 2403 2753; x_wconf 75' lang='lat' dir='ltr'><strong>litterarum</strong></span> <span class='ocrx_word' id='word_1_179' title='bbox 2454 2714 2752 2753; x_wconf 83' lang='lat' dir='ltr'><strong>conexum</strong></span> 
     </span>
     <span class='ocr_line' id='line_1_24' title="bbox 407 2786 2751 2861; baseline -0 -17"><span class='ocrx_word' id='word_1_180' title='bbox 407 2788 806 2845; x_wconf 82' lang='lat' dir='ltr'><strong>refutandum</strong></span> <span class='ocrx_word' id='word_1_181' title='bbox 845 2804 978 2843; x_wconf 86' lang='lat' dir='ltr'><strong>esse</strong></span> <span class='ocrx_word' id='word_1_182' title='bbox 1016 2794 1193 2860; x_wconf 85' lang='lat' dir='ltr'><strong>puto:</strong></span> <span class='ocrx_word' id='word_1_183' title='bbox 1231 2789 1494 2861; x_wconf 86' lang='lat' dir='ltr'><strong>primum</strong></span> <span class='ocrx_word' id='word_1_184' title='bbox 1531 2786 1691 2843; x_wconf 89' lang='lat' dir='ltr'><strong>enim</strong></span> <span class='ocrx_word' id='word_1_185' title='bbox 1730 2786 2113 2859; x_wconf 80' lang='lat' dir='ltr'><strong>Thucydides</strong></span> <span class='ocrx_word' id='word_1_186' title='bbox 2152 2802 2359 2843; x_wconf 86' lang='lat' dir='ltr'><strong>omnes</strong></span> <span class='ocrx_word' id='word_1_187' title='bbox 2412 2786 2751 2843; x_wconf 81' lang='lat' dir='ltr'><strong>locutiones</strong></span> 
     </span>
     <span class='ocr_line' id='line_1_25' title="bbox 408 2876 2760 2950; baseline -0 -18"><span class='ocrx_word' id='word_1_188' title='bbox 408 2879 680 2950; x_wconf 84' lang='lat' dir='ltr'><strong>poeticas</strong></span> <span class='ocrx_word' id='word_1_189' title='bbox 707 2877 955 2948; x_wconf 84' lang='lat' dir='ltr'><strong>respuit,</strong></span> <span class='ocrx_word' id='word_1_190' title='bbox 996 2894 1146 2944; x_wconf 82' lang='lat' dir='ltr'><strong>quas</strong></span> <span class='ocrx_word' id='word_1_191' title='bbox 1185 2876 1536 2932; x_wconf 87' lang='lat' dir='ltr'><strong>Herodotus</strong></span> <span class='ocrx_word' id='word_1_192' title='bbox 1577 2876 1855 2945; x_wconf 86' lang='lat' dir='ltr'><strong>admisit;</strong></span> <span class='ocrx_word' id='word_1_193' title='bbox 1914 2876 2129 2932; x_wconf 88' lang='lat' dir='ltr'><strong>deinde</strong></span> <span class='ocrx_word' id='word_1_194' title='bbox 2166 2876 2510 2931; x_wconf 80' lang='lat' dir='ltr'><strong>Atticorum</strong></span> <span class='ocrx_word' id='word_1_195' title='bbox 2563 2877 2760 2932; x_wconf 89' lang='lat' dir='ltr'><strong>oratio</strong></span> 
     </span>
     <span class='ocr_line' id='line_1_26' title="bbox 407 2965 2757 3039; baseline -0.001 -17"><span class='ocrx_word' id='word_1_196' title='bbox 407 2967 612 3022; x_wconf 83' lang='lat' dir='ltr'><strong>soluta</strong></span> <span class='ocrx_word' id='word_1_197' title='bbox 634 2966 789 3021; x_wconf 79' lang='lat' dir='ltr'><strong>hanc</strong></span> <span class='ocrx_word' id='word_1_198' title='bbox 815 2966 1008 3039; x_wconf 78' lang='lat' dir='ltr'><strong>ipsam</strong></span> <span class='ocrx_word' id='word_1_199' title='bbox 1029 2968 1260 3037; x_wconf 80' lang='lat' dir='ltr'><strong>appetit</strong></span> <span class='ocrx_word' id='word_1_200' title='bbox 1284 2965 1588 3039; x_wconf 85' lang='lat' dir='ltr'><strong>participii</strong></span> <span class='ocrx_word' id='word_1_201' title='bbox 1610 2968 1787 3038; x_wconf 76' lang='grc' dir='ltr'><em>λέγων</em></span> <span class='ocrx_word' id='word_1_202' title='bbox 1813 2966 2234 3021; x_wconf 87' lang='lat' dir='ltr'><strong>omissionem:</strong></span> <span class='ocrx_word' id='word_1_203' title='bbox 2261 2965 2537 3033; x_wconf 84' lang='lat' dir='ltr'><strong>idemque</strong></span> <span class='ocrx_word' id='word_1_204' title='bbox 2561 2981 2757 3019; x_wconf 82' lang='lat' dir='ltr'><strong>sermo</strong></span> 
     </span>
     <span class='ocr_line' id='line_1_27' title="bbox 411 3053 2760 3127; baseline -0 -17"><span class='ocrx_word' id='word_1_205' title='bbox 411 3056 532 3111; x_wconf 88' lang='lat' dir='ltr'><strong>duo</strong></span> <span class='ocrx_word' id='word_1_206' title='bbox 569 3062 735 3109; x_wconf 78' lang='lat' dir='ltr'><strong>amat</strong></span> <span class='ocrx_word' id='word_1_207' title='bbox 771 3054 955 3109; x_wconf 84' lang='lat' dir='ltr'><strong>verba</strong></span> <span class='ocrx_word' id='word_1_208' title='bbox 992 3054 1178 3109; x_wconf 84' lang='lat' dir='ltr'><strong>finita</strong></span> <span class='ocrx_word' id='word_1_209' title='bbox 1215 3054 1390 3109; x_wconf 81' lang='lat' dir='ltr'><strong>iuxta</strong></span> <span class='ocrx_word' id='word_1_210' title='bbox 1427 3055 1655 3126; x_wconf 83' lang='lat' dir='ltr'><strong>posita:</strong></span> <span class='ocrx_word' id='word_1_211' title='bbox 1710 3070 2071 3121; x_wconf 83' lang='lat' dir='ltr'><strong>quamquam</strong></span> <span class='ocrx_word' id='word_1_212' title='bbox 2125 3054 2301 3109; x_wconf 79' lang='lat' dir='ltr'><strong>aliter</strong></span> <span class='ocrx_word' id='word_1_213' title='bbox 2350 3054 2509 3127; x_wconf 88' lang='lat' dir='ltr'><strong>apud</strong></span> <span class='ocrx_word' id='word_1_214' title='bbox 2562 3053 2760 3109; x_wconf 87' lang='lat' dir='ltr'><strong>Xeno-</strong></span> 
     </span>
    </p>
   </div>
   <div class='ocr_carea' id='block_1_6' title="bbox 409 3142 2760 3289">
    <p class='ocr_par' dir='ltr' id='par_1_7' title="bbox 409 3142 2760 3289">
     <span class='ocr_line' id='line_1_28' title="bbox 409 3142 2760 3217; baseline -0 -17"><span class='ocrx_word' id='word_1_215' title='bbox 409 3144 697 3217; x_wconf 86' lang='lat' dir='ltr'><strong>phontem</strong></span> <span class='ocrx_word' id='word_1_216' title='bbox 735 3150 795 3199; x_wconf 85' lang='lat' dir='ltr'><strong>et</strong></span> <span class='ocrx_word' id='word_1_217' title='bbox 835 3144 1150 3199; x_wconf 81' lang='lat' dir='ltr'><strong>Platonem</strong></span> <span class='ocrx_word' id='word_1_218' title='bbox 1186 3142 1334 3199; x_wconf 81' lang='lat' dir='ltr'><strong>haec</strong></span> <span class='ocrx_word' id='word_1_219' title='bbox 1378 3142 1498 3199; x_wconf 89' lang='lat' dir='ltr'><strong>duo</strong></span> <span class='ocrx_word' id='word_1_220' title='bbox 1537 3142 1722 3199; x_wconf 81' lang='lat' dir='ltr'><strong>verba</strong></span> <span class='ocrx_word' id='word_1_221' title='bbox 1758 3144 2068 3199; x_wconf 84' lang='lat' dir='ltr'><strong>usitantur</strong></span> <span class='ocrx_word' id='word_1_222' title='bbox 2108 3148 2290 3211; x_wconf 80' lang='lat' dir='ltr'><strong>atque</strong></span> <span class='ocrx_word' id='word_1_223' title='bbox 2328 3142 2485 3215; x_wconf 87' lang='lat' dir='ltr'><strong>apud</strong></span> <span class='ocrx_word' id='word_1_224' title='bbox 2524 3142 2760 3217; x_wconf 87' lang='lat' dir='ltr'><strong>Thucy-</strong></span> 
     </span>
     <span class='ocr_line' id='line_1_29' title="bbox 409 3233 631 3289; baseline -0.005 0"><span class='ocrx_word' id='word_1_225' title='bbox 409 3233 631 3289; x_wconf 86' lang='lat' dir='ltr'><strong>didem.</strong></span> 
     </span>
    </p>
   </div>
   <div class='ocr_carea' id='block_1_7' title="bbox 410 3336 2766 3765">
    <p class='ocr_par' dir='ltr' id='par_1_8' title="bbox 410 3336 2766 3765">
     <span class='ocr_line' id='line_1_30' title="bbox 625 3336 2764 3412; baseline -0.001 -17"><span class='ocrx_word' id='word_1_226' title='bbox 625 3340 679 3395; x_wconf 64' lang='lat'><strong>2)</strong></span> <span class='ocrx_word' id='word_1_227' title='bbox 719 3340 918 3395; x_wconf 84' lang='lat' dir='ltr'><strong>Etiam</strong></span> <span class='ocrx_word' id='word_1_228' title='bbox 964 3336 1305 3393; x_wconf 84' lang='lat' dir='ltr'><strong>faciliorem</strong></span> <span class='ocrx_word' id='word_1_229' title='bbox 1362 3339 1813 3395; x_wconf 81' lang='lat' dir='ltr'><strong>excusationem</strong></span> <span class='ocrx_word' id='word_1_230' title='bbox 1863 3337 2013 3393; x_wconf 91' lang='lat' dir='ltr'><strong>VIII</strong></span> <span class='ocrx_word' id='word_1_231' title='bbox 2068 3342 2137 3395; x_wconf 82' lang='lat'><strong>53</strong></span> <span class='ocrx_word' id='word_1_232' title='bbox 2192 3338 2379 3394; x_wconf 81' lang='lat' dir='ltr'><strong>habet</strong></span> <span class='ocrx_word' id='word_1_233' title='bbox 2431 3338 2536 3395; x_wconf 89' lang='lat' dir='ltr'><strong>ubi</strong></span> <span class='ocrx_word' id='word_1_234' title='bbox 2592 3356 2764 3412; x_wconf 84' lang='lat' dir='ltr'><strong>prae-</strong></span> 
     </span>
     <span class='ocr_line' id='line_1_31' title="bbox 410 3426 2766 3501; baseline -0 -18"><span class='ocrx_word' id='word_1_235' title='bbox 410 3430 678 3483; x_wconf 81' lang='lat' dir='ltr'><strong>mittitur</strong></span> <span class='ocrx_word' id='word_1_236' title='bbox 715 3426 1136 3500; x_wconf 83' lang='lat' dir='ltr'><strong>imperfectum</strong></span> <span class='ocrx_word' id='word_1_237' title='bbox 1164 3429 1359 3500; x_wconf 77' lang='grc' dir='ltr'><em>ἔλεγεν</em></span> <span class='ocrx_word' id='word_1_238' title='bbox 1385 3426 1554 3481; x_wconf 86' lang='lat' dir='ltr'><strong>brevi</strong></span> <span class='ocrx_word' id='word_1_239' title='bbox 1591 3427 1775 3482; x_wconf 85' lang='lat' dir='ltr'><strong>alicui</strong></span> <span class='ocrx_word' id='word_1_240' title='bbox 1809 3428 2098 3483; x_wconf 87' lang='lat' dir='ltr'><strong>orationi:</strong></span> <span class='ocrx_word' id='word_1_241' title='bbox 2138 3444 2275 3483; x_wconf 86' lang='lat' dir='ltr'><strong>nam</strong></span> <span class='ocrx_word' id='word_1_242' title='bbox 2303 3428 2465 3501; x_wconf 89' lang='lat' dir='ltr'><strong>quod</strong></span> <span class='ocrx_word' id='word_1_243' title='bbox 2490 3430 2766 3496; x_wconf 87' lang='lat' dir='ltr'><strong>sequitur</strong></span> 
     </span>
     <span class='ocr_line' id='line_1_32' title="bbox 413 3516 2765 3589; baseline 0 -16"><span class='ocrx_word' id='word_1_244' title='bbox 413 3516 496 3589; x_wconf 63' lang='lat' dir='ltr'><strong>gu</strong></span> <span class='ocrx_word' id='word_1_245' title='bbox 541 3518 930 3572; x_wconf 86' lang='lat' dir='ltr'><strong>recitativum</strong></span> <span class='ocrx_word' id='word_1_246' title='bbox 968 3522 1168 3570; x_wconf 85' lang='lat' dir='ltr'><strong>artum</strong></span> <span class='ocrx_word' id='word_1_247' title='bbox 1207 3516 1390 3572; x_wconf 83' lang='lat' dir='ltr'><strong>huius</strong></span> <span class='ocrx_word' id='word_1_248' title='bbox 1443 3516 1561 3572; x_wconf 90' lang='lat' dir='ltr'><strong>loci</strong></span> <span class='ocrx_word' id='word_1_249' title='bbox 1604 3534 1897 3572; x_wconf 82' lang='lat' dir='ltr'><strong>conexum</strong></span> <span class='ocrx_word' id='word_1_250' title='bbox 1951 3535 2086 3573; x_wconf 79' lang='lat' dir='ltr'><strong>cum</strong></span> <span class='ocrx_word' id='word_1_251' title='bbox 2139 3516 2417 3584; x_wconf 79' lang='lat' dir='ltr'><strong>obliquae</strong></span> <span class='ocrx_word' id='word_1_252' title='bbox 2473 3518 2765 3573; x_wconf 83' lang='lat' dir='ltr'><strong>orationis</strong></span> 
     </span>
     <span class='ocr_line' id='line_1_33' title="bbox 411 3604 2765 3677; baseline 0 -15"><span class='ocrx_word' id='word_1_253' title='bbox 411 3624 530 3662; x_wconf 84' lang='lat' dir='ltr'><strong>usu</strong></span> <span class='ocrx_word' id='word_1_254' title='bbox 571 3606 830 3672; x_wconf 85' lang='lat' dir='ltr'><strong>indicat;</strong></span> <span class='ocrx_word' id='word_1_255' title='bbox 871 3613 931 3660; x_wconf 89' lang='lat' dir='ltr'><strong>et</strong></span> <span class='ocrx_word' id='word_1_256' title='bbox 969 3605 1214 3676; x_wconf 82' lang='lat' dir='ltr'><strong>saepius</strong></span> <span class='ocrx_word' id='word_1_257' title='bbox 1251 3604 1448 3659; x_wconf 85' lang='lat' dir='ltr'><strong>forma</strong></span> <span class='ocrx_word' id='word_1_258' title='bbox 1475 3608 1670 3677; x_wconf 74' lang='grc' dir='ltr'><em>ἔλεγεν</em></span> <span class='ocrx_word' id='word_1_259' title='bbox 1696 3604 1853 3677; x_wconf 81' lang='lat' dir='ltr'><strong>apud</strong></span> <span class='ocrx_word' id='word_1_260' title='bbox 1880 3604 2295 3677; x_wconf 87' lang='lat' dir='ltr'><strong>Thucydidem</strong></span> <span class='ocrx_word' id='word_1_261' title='bbox 2315 3607 2403 3662; x_wconf 84' lang='lat' dir='ltr'><strong>ita</strong></span> <span class='ocrx_word' id='word_1_262' title='bbox 2430 3604 2765 3677; x_wconf 86' lang='lat' dir='ltr'><strong>adhibetur,</strong></span> 
     </span>
     <span class='ocr_line' id='line_1_34' title="bbox 413 3690 2503 3765; baseline -0.001 -12"><span class='ocrx_word' id='word_1_263' title='bbox 413 3704 486 3753; x_wconf 86' lang='lat' dir='ltr'><strong>ut</strong></span> <span class='ocrx_word' id='word_1_264' title='bbox 520 3695 734 3753; x_wconf 82' lang='lat' dir='ltr'><strong>breves</strong></span> <span class='ocrx_word' id='word_1_265' title='bbox 772 3696 1079 3751; x_wconf 81' lang='lat' dir='ltr'><strong>orationes</strong></span> <span class='ocrx_word' id='word_1_266' title='bbox 1120 3692 1396 3760; x_wconf 75' lang='lat' dir='ltr'><strong>obliquas</strong></span> <span class='ocrx_word' id='word_1_267' title='bbox 1433 3693 1683 3749; x_wconf 86' lang='lat' dir='ltr'><strong>inducat</strong></span> <span class='ocrx_word' id='word_1_268' title='bbox 1721 3694 1813 3749; x_wconf 90' lang='lat'><strong>111</strong></span> <span class='ocrx_word' id='word_1_269' title='bbox 1852 3696 1935 3763; x_wconf 75' lang='lat'><strong>25,</strong></span> <span class='ocrx_word' id='word_1_270' title='bbox 1978 3697 2033 3761; x_wconf 75' lang='lat'><strong>13</strong></span> <span class='ocrx_word' id='word_1_271' title='bbox 2073 3690 2157 3749; x_wconf 87' lang='lat' dir='ltr'><strong>VI</strong></span> <span class='ocrx_word' id='word_1_272' title='bbox 2195 3698 2279 3765; x_wconf 83' lang='lat'><strong>64,</strong></span> <span class='ocrx_word' id='word_1_273' title='bbox 2320 3696 2351 3750; x_wconf 84' lang='lat'>2</span> <span class='ocrx_word' id='word_1_274' title='bbox 2391 3700 2503 3751; x_wconf 86' lang='lat' dir='ltr'><strong>etc.</strong></span> 
     </span>
    </p>
   </div>
   <div class='ocr_carea' id='block_1_8' title="bbox 414 3798 2768 4319">
    <p class='ocr_par' dir='ltr' id='par_1_9' title="bbox 414 3798 2768 4319">
     <span class='ocr_line' id='line_1_35' title="bbox 626 3798 2767 3874; baseline 0 -17"><span class='ocrx_word' id='word_1_275' title='bbox 626 3802 944 3874; x_wconf 74' lang='lat' dir='ltr'><strong>Discrepat</strong></span> <span class='ocrx_word' id='word_1_276' title='bbox 963 3817 1110 3857; x_wconf 74' lang='lat' dir='ltr'><strong>sane</strong></span> <span class='ocrx_word' id='word_1_277' title='bbox 1131 3800 1244 3855; x_wconf 80' lang='lat' dir='ltr'><strong>hac</strong></span> <span class='ocrx_word' id='word_1_278' title='bbox 1273 3800 1336 3854; x_wconf 89' lang='lat' dir='ltr'><strong>in</strong></span> <span class='ocrx_word' id='word_1_279' title='bbox 1359 3816 1442 3871; x_wconf 84' lang='lat' dir='ltr'><strong>re,</strong></span> <span class='ocrx_word' id='word_1_280' title='bbox 1479 3799 1643 3866; x_wconf 87' lang='lat' dir='ltr'><strong>quod</strong></span> <span class='ocrx_word' id='word_1_281' title='bbox 1668 3798 1851 3855; x_wconf 78' lang='lat' dir='ltr'><strong>verbo</strong></span> <span class='ocrx_word' id='word_1_282' title='bbox 1878 3801 2075 3871; x_wconf 76' lang='grc' dir='ltr'><strong><em>ἔλεγεν</em></strong></span> <span class='ocrx_word' id='word_1_283' title='bbox 2102 3801 2435 3857; x_wconf 80' lang='lat' dir='ltr'><strong>orationem</strong></span> <span class='ocrx_word' id='word_1_284' title='bbox 2459 3801 2767 3869; x_wconf 78' lang='lat' dir='ltr'><strong>obliquam</strong></span> 
     </span>
     <span class='ocr_line' id='line_1_36' title="bbox 414 3886 2767 3963; baseline 0 -16"><span class='ocrx_word' id='word_1_285' title='bbox 414 3892 664 3961; x_wconf 84' lang='lat' dir='ltr'><strong>inducit,</strong></span> <span class='ocrx_word' id='word_1_286' title='bbox 720 3890 1104 3963; x_wconf 83' lang='lat' dir='ltr'><strong>Thucydides</strong></span> <span class='ocrx_word' id='word_1_287' title='bbox 1161 3908 1297 3945; x_wconf 88' lang='lat' dir='ltr'><strong>cum</strong></span> <span class='ocrx_word' id='word_1_288' title='bbox 1352 3886 1701 3944; x_wconf 76' lang='lat' dir='ltr'><strong>Herodoto:</strong></span> <span class='ocrx_word' id='word_1_289' title='bbox 1758 3887 1857 3945; x_wconf 87' lang='lat' dir='ltr'><strong>hic</strong></span> <span class='ocrx_word' id='word_1_290' title='bbox 1914 3889 2071 3943; x_wconf 88' lang='lat' dir='ltr'><strong>enim</strong></span> <span class='ocrx_word' id='word_1_291' title='bbox 2128 3905 2365 3960; x_wconf 86' lang='lat' dir='ltr'><strong>semper</strong></span> <span class='ocrx_word' id='word_1_292' title='bbox 2422 3896 2603 3945; x_wconf 81' lang='lat' dir='ltr'><strong>verbo</strong></span> <span class='ocrx_word' id='word_1_293' title='bbox 2661 3892 2767 3963; x_wconf 74' lang='grc' dir='ltr'><strong>ἔφη</strong></span> 
     </span>
     <span class='ocr_line' id='line_1_37' title="bbox 415 3968 2767 4049; baseline -0 -14"><span class='ocrx_word' id='word_1_294' title='bbox 415 3979 765 4035; x_wconf 87' lang='lat' dir='ltr'><strong>huiusmodi</strong></span> <span class='ocrx_word' id='word_1_295' title='bbox 806 3980 1111 4034; x_wconf 84' lang='lat' dir='ltr'><strong>orationes</strong></span> <span class='ocrx_word' id='word_1_296' title='bbox 1151 3975 1508 4047; x_wconf 87' lang='lat' dir='ltr'><strong>inducebat;</strong></span> <span class='ocrx_word' id='word_1_297' title='bbox 1547 3984 1815 4031; x_wconf 84' lang='lat' dir='ltr'><strong>attamen</strong></span> <span class='ocrx_word' id='word_1_298' title='bbox 1842 3968 2227 4049; x_wconf 80' lang='lat' dir='ltr'><strong>Thucydides</strong></span> <span class='ocrx_word' id='word_1_299' title='bbox 2255 3995 2490 4046; x_wconf 87' lang='lat' dir='ltr'><strong>quoque</strong></span> <span class='ocrx_word' id='word_1_300' title='bbox 2516 3978 2767 4034; x_wconf 85' lang='lat' dir='ltr'><strong>verbum</strong></span> 
     </span>
     <span class='ocr_line' id='line_1_38' title="bbox 415 4064 2768 4142; baseline -0.001 -17"><span class='ocrx_word' id='word_1_301' title='bbox 415 4070 520 4142; x_wconf 69' lang='grc' dir='ltr'><strong>ἔφη</strong></span> <span class='ocrx_word' id='word_1_302' title='bbox 560 4074 720 4123; x_wconf 83' lang='lat' dir='ltr'><strong>amat</strong></span> <span class='ocrx_word' id='word_1_303' title='bbox 757 4066 832 4121; x_wconf 83' lang='lat' dir='ltr'><strong>ad</strong></span> <span class='ocrx_word' id='word_1_304' title='bbox 871 4084 954 4121; x_wconf 92' lang='lat' dir='ltr'><strong>or.</strong></span> <span class='ocrx_word' id='word_1_305' title='bbox 995 4067 1111 4122; x_wconf 88' lang='lat' dir='ltr'><strong>obl.</strong></span> <span class='ocrx_word' id='word_1_306' title='bbox 1152 4066 1580 4121; x_wconf 87' lang='lat' dir='ltr'><strong>inducendam:</strong></span> <span class='ocrx_word' id='word_1_307' title='bbox 1640 4066 1762 4121; x_wconf 91' lang='lat' dir='ltr'><strong>nisi</strong></span> <span class='ocrx_word' id='word_1_308' title='bbox 1800 4066 1959 4134; x_wconf 87' lang='lat' dir='ltr'><strong>quod</strong></span> <span class='ocrx_word' id='word_1_309' title='bbox 2000 4067 2265 4121; x_wconf 86' lang='lat' dir='ltr'><strong>evitatur</strong></span> <span class='ocrx_word' id='word_1_310' title='bbox 2316 4065 2378 4120; x_wconf 90' lang='lat' dir='ltr'><strong>in</strong></span> <span class='ocrx_word' id='word_1_311' title='bbox 2416 4064 2768 4139; x_wconf 81' lang='lat' dir='ltr'><strong>Thucydide</strong></span> 
     </span>
     <span class='ocr_line' id='line_1_39' title="bbox 415 4154 2766 4231; baseline -0.001 -18"><span class='ocrx_word' id='word_1_312' title='bbox 415 4158 718 4231; x_wconf 80' lang='lat' dir='ltr'><strong>participii</strong></span> <span class='ocrx_word' id='word_1_313' title='bbox 758 4154 866 4228; x_wconf 69' lang='grc' dir='ltr'><strong>ιρὲς</strong></span> <span class='ocrx_word' id='word_1_314' title='bbox 904 4156 976 4211; x_wconf 85' lang='lat' dir='ltr'><strong>ad</strong></span> <span class='ocrx_word' id='word_1_315' title='bbox 1017 4157 1132 4211; x_wconf 81' lang='lat' dir='ltr'><strong>alia</strong></span> <span class='ocrx_word' id='word_1_316' title='bbox 1173 4154 1360 4210; x_wconf 83' lang='lat' dir='ltr'><strong>verba</strong></span> <span class='ocrx_word' id='word_1_317' title='bbox 1395 4154 1632 4209; x_wconf 89' lang='lat' dir='ltr'><strong>dicendi</strong></span> <span class='ocrx_word' id='word_1_318' title='bbox 1674 4186 1737 4196; x_wconf 90' lang='lat'><strong>——</strong></span> <span class='ocrx_word' id='word_1_319' title='bbox 1779 4157 1972 4227; x_wconf 76' lang='grc' dir='ltr'><em>ἔλεγεν</em></span> <span class='ocrx_word' id='word_1_320' title='bbox 2012 4164 2121 4209; x_wconf 87' lang='lat' dir='ltr'><strong>etc.</strong></span> <span class='ocrx_word' id='word_1_321' title='bbox 2162 4188 2225 4196; x_wconf 94' lang='lat'><em>-</em></span> <span class='ocrx_word' id='word_1_322' title='bbox 2266 4154 2531 4210; x_wconf 86' lang='lat' dir='ltr'><strong>additio:</strong></span> <span class='ocrx_word' id='word_1_323' title='bbox 2571 4174 2601 4209; x_wconf 90' lang='lat' dir='ltr'><strong>e</strong></span> <span class='ocrx_word' id='word_1_324' title='bbox 2628 4176 2766 4212; x_wconf 89' lang='lat' dir='ltr'><strong>con-</strong></span> 
     </span>
     <span class='ocr_line' id='line_1_40' title="bbox 416 4244 2465 4319; baseline -0.002 -17"><span class='ocrx_word' id='word_1_325' title='bbox 416 4248 601 4302; x_wconf 81' lang='lat' dir='ltr'><strong>trario</strong></span> <span class='ocrx_word' id='word_1_326' title='bbox 640 4262 820 4319; x_wconf 77' lang='lat' dir='ltr'><strong>saepe</strong></span> <span class='ocrx_word' id='word_1_327' title='bbox 856 4246 1242 4317; x_wconf 81' lang='lat' dir='ltr'><strong>participium</strong></span> <span class='ocrx_word' id='word_1_328' title='bbox 1281 4244 1460 4318; x_wconf 71' lang='grc' dir='ltr'><em>λέγων</em></span> <span class='ocrx_word' id='word_1_329' title='bbox 1498 4246 1831 4299; x_wconf 83' lang='lat' dir='ltr'><strong>orationem</strong></span> <span class='ocrx_word' id='word_1_330' title='bbox 1871 4244 2175 4310; x_wconf 84' lang='lat' dir='ltr'><strong>obliquam</strong></span> <span class='ocrx_word' id='word_1_331' title='bbox 2214 4244 2465 4301; x_wconf 87' lang='lat' dir='ltr'><strong>inducit.</strong></span> 
     </span>
    </p>
   </div>
  </div>
 </body>
</html>
