3200 4959
1510 287 1920 379 -44-'

746 510 899 576 Iam
945 510 1123 576 nihil
1167 510 1326 577 miri
1373 511 1588 577 habet
1634 511 1771 596 ille,
1818 531 2023 599 quem
2072 512 2145 577 in
2190 512 2453 600 duplici
2485 511 2875 599 iterataque

532 614 1066 705 interpositione
1105 618 1409 684 vidimus
1441 619 2121 707 Xenophonteorum
2170 619 2589 707 scriptorum
2638 619 2877 685 decur-

531 744 704 789 sum.
800 724 987 791 Satis
1063 724 1250 791 enim
1327 725 1470 791 iam
1547 725 1815 814 peritus
1882 725 2234 792 scribendi
2303 726 2438 791 sibi
2504 725 2881 791 vibebatur

531 829 958 918 Xenophon,
997 852 1156 898 cum
1190 832 1702 920 Cyropaediam
1732 832 2047 920 scripsit3
2082 852 2250 919 ergo
2284 831 2607 898 liberiore
2640 832 2878 919 aliquo

532 936 850 1003 sermone
913 938 991 1003 in
1053 938 1187 1005 hoc
1243 960 1452 1027 opere
1514 940 1846 1005 utebatur
1904 960 2033 1004 nec
2093 938 2311 1005 ullam
2374 939 2507 1004 sibi
2565 938 2879 1027 ponebat

534 1065 856 1111 normam
920 1062 1102 1133 quae
1162 1046 1336 1112 artis
1381 1066 1665 1111 severae
1710 1046 1985 1133 legibus
2034 1045 2322 1111 astricta
2384 1054 2565 1127 erat3
2628 1044 2879 1110 deinde

531 1150 818 1237 cognito
866 1151 1164 1219 Platone
1225 1152 1340 1217 vel
1403 1152 1615 1218 simili
1675 1152 1923 1239 quovis
1986 1151 2192 1217 huius
2253 1152 2527 1239 generis
2592 1160 2878 1217 auctore

531 1256 778 1324 melius
855 1258 1142 1325 edoctus
1234 1260 1322 1326 ad
1411 1258 1749 1325 maiorem
1826 1258 2349 1347 simplicitatem
2427 1259 2499 1322 in
2578 1258 2879 1344 dialogis

529 1363 856 1431 revertit:
905 1387 1083 1451 quae
1132 1365 1284 1453 ipsa
1331 1364 1746 1453 simplicitas
1793 1365 1869 1431 in
1914 1364 2281 1433 Hellenica
2330 1386 2605 1453 quoque
2654 1373 2877 1431 trans·

529 1469 908 1537 ferebatur.

743 1577 1107 1665 Nusquam
1152 1601 1318 1646 vero
1381 1580 1454 1645 in
1503 1579 1982 1667 Xenophonte
2042 1578 2415 1646 cottidiani
2475 1578 2681 1646 huius
2740 1602 2873 1646 ser-

529 1684 756 1751 monis
803 1684 1102 1773 vestigia
1149 1706 1431 1773 prorsus
1477 1685 1869 1774 exstirpata
1914 1694 2098 1752 sunt.

746 1792 900 1870 Qua
945 1792 1098 1880 ipsa
1142 1815 1216 1858 re
1265 1792 1412 1859 eius
1471 1815 1697 1859 sermo
1746 1791 2171 1880 peculiarem
2218 1793 2569 1879 quendam
2618 1792 2875 1880 accipit

532 1905 880 1983 ornatum,
942 1921 1080 1985 quo
1129 1900 1508 1966 mani-festo
1548 1907 1917 1987 separatur
1946 1900 2351 1987 Xenophon
2400 1923 2441 1964 a
2488 1892 2735 1987 poetis,
2784 1899 2874 1964 ab

531 2006 914 2091 Herodoto,
961 2004 1408 2093 Thucydide:
1457 2006 1779 2093 idemque
1810 2026 2037 2072 sermo
2086 2007 2159 2071 in
2208 2005 2449 2093 primis
2494 2005 2566 2072 id
2611 1997 2872 2090 effecit,

531 2120 616 2178 ut
679 2111 916 2178 stilum
988 2121 1370 2178 assumeret
1434 2134 1643 2202 prosa
1705 2112 1927 2179 oratio
1988 2112 2090 2179 sui
2153 2120 2433 2178 tantum
2490 2112 2872 2199 proprium.

533 2218 736 2285 Novo
785 2218 1016 2285 studio
1063 2219 1561 2307 Xenophontis
1623 2220 1887 2307 scripta
1948 2220 2157 2307 plena
2220 2226 2415 2285 sunt:
2480 2228 2629 2284 arte
2688 2219 2877 2284 enim

537 2326 816 2391 exculta
876 2326 1192 2414 poeticus
1251 2348 1478 2391 sermo
1537 2327 1755 2391 verba
1814 2346 2161 2412 vocesque
2220 2324 2567 2407 finxeram
2632 2332 2877 2391 contra

533 2430 796 2497 imitari
842 2432 1076 2499 studet
1121 2432 1528 2520 Xenophon
1573 2454 1819 2497 verum
1866 2431 2083 2519 ipsius
2130 2433 2321 2497 vitae
2366 2452 2775 2497 sermonem.

743 2555 958 2622 Plura
987 2555 1129 2622 iam
1154 2556 1474 2640 vidimus,
1511 2578 1688 2645 quae
1713 2556 1853 2622 huc
1878 2554 2349 2645 pertinebant.
2412 2554 2589 2621 Dico
2616 2554 2879 2643 simpli-

533 2661 838 2747 citatem,
888 2685 1027 2750 qua
1073 2685 1292 2730 unum
1323 2662 1683 2751 potissime
1714 2664 2007 2729 verbum
2056 2661 2335 2728 dicendi
2384 2662 2634 2728 ceteris
2681 2682 2879 2749 prae-

529 2769 786 2836 fertur:
837 2770 1012 2835 adde
1061 2776 1289 2836 totum
1337 2768 1893 2857 interpositionis
1938 2792 2160 2835 usum.

743 2894 1112 2961 Accedunt
1159 2892 1296 2961 alia
1343 2902 1721 2980 momenta,
1782 2896 1921 2961 duo
1966 2895 2307 2960 maxime:
2369 2893 2673 2983 primum
2720 2892 2876 2978 hoc,

531 3000 716 3087 quod
765 3002 998 3067 omnia
1045 3000 1167 3066 illa
1199 3001 1414 3067 verba
1464 3003 1653 3089 apud
1684 3000 2235 3091 Xenophontem
2267 3008 2648 3085 rarescunt,
2699 3024 2877 3087 quae

529 3129 775 3173 vocem
841 3107 1138 3173 oratoris
1205 3106 1629 3193 describunt,
1695 3108 1864 3174 item
1930 3107 2074 3191 illa,
2140 3130 2317 3195 quae
2384 3123 2877 3195 argumentum

531 3213 868 3281 orationis
901 3222 1331 3303 praeparant
1363 3215 1556 3282 velut
1593 3214 2126 3301 παρεκελεύσατο,
2176 3214 2426 3281 deinde
2460 3214 2657 3301 illud,
2690 3214 2875 3301 quod

529 3343 738 3408 saepe
783 3327 1164 3410 usurpatur
1208 3322 1500 3388 verbum
1547 3315 1889 3407 ἄρχεσθαι.

744 3446 936 3523 Quae
997 3468 1106 3511 res
1167 3452 1408 3533 aperte
1469 3452 1743 3511 coeunt.
1843 3444 2213 3511 Contraria
2280 3444 2465 3511 enim
2530 3451 2694 3512 sunt
2755 3445 2875 3512 illa

530 3552 768 3637 verba,
835 3575 1014 3639 quae
1076 3574 1322 3618 vocem
1381 3552 1496 3617 vel
1556 3560 2050 3639 argumentum
2107 3552 2445 3637 indicant,
2514 3550 2875 3641 primitivo

533 3658 778 3747 populi
826 3658 1164 3726 sermoni:
1225 3680 1390 3725 nam
1437 3681 1797 3747 nunquam
1844 3659 1914 3727 id
1965 3682 2207 3727 curare
2252 3659 2433 3727 solet
2476 3659 2877 3747 primitivus

531 3765 782 3854 aliquis
829 3773 1171 3850 narrator,
1220 3788 1358 3853 qua
1404 3765 1641 3835 indole
1670 3790 1965 3855 sequens
1996 3766 2223 3833 oratio
2260 3766 2389 3847 sit;
2439 3783 2647 3852 porro
2682 3766 2877 3831 deest

530 3871 601 3938 in
679 3894 996 3939 sermone
1073 3872 1462 3939 cottidiano
1538 3895 1744 3940 omne
1822 3874 1968 3938 fere
2046 3871 2461 3938 variationis
2540 3871 2871 3941 studium.

529 4052 723 4122 magis
761 4050 1076 4124 magisque
1111 4049 1470 4119 videbimuS,
1527 4054 1819 4117 quantum
1870 4048 2449 4121 Xenophonteorum
2498 4048 2874 4122 dialogorum

531 4155 728 4197 sermo
781 4141 857 4196 ab
893 4140 1172 4196 historiis
1210 4138 1538 4195 abhorrens
1584 4138 1659 4194 ad
1700 4138 1971 4195 Platonis
2021 4154 2213 4213 genus
2265 4137 2503 4193 dicendi
2552 4156 2619 4194 se
2668 4157 2877 4211 appro-

531 4229 798 4305 pinquat.
1826 4248 1831 4254 ·
