3200 4959
1303 324 1697 387 ...41—

317 520 590 586 scilicet
633 519 1022 587 subiectum
1067 518 1142 583 in
1188 518 1322 585 hoc
1369 518 1631 605 scripto
1660 540 1935 607 semper
1980 518 2127 583 fere
2172 517 2661 605 interponitur.

321 626 518 691 Idem
565 626 830 692 accidit
873 626 948 691 in
993 626 1456 713 Cyropaedia.
1527 624 1803 691 Dehinc
1834 646 2001 691 vero
2048 624 2153 690 ita
2196 622 2445 690 crescit
2492 624 2665 690 haec

319 732 651 821 loquendi
683 732 888 815 rati0,
937 744 1018 797 ut
1062 732 1134 797 in
1169 730 1531 817 Convivio,
1580 731 1655 797 in
1691 730 2279 813 Memorabilibus,
2326 730 2401 795 in
2434 730 2666 797 Helle·

320 839 496 905 nicis
541 838 842 927 denique
891 838 1254 905 dimidium
1302 860 1525 926 paene
1587 839 1903 925 attingat
1964 838 2111 904 eius
2170 838 2466 921 numeri,
2526 858 2663 924 quo

317 946 763 1034 interpositio
811 944 1109 1013 subiecti
1156 942 1524 1011 indicatur.

531 1068 648 1137 Sic
695 1070 923 1137 denuo
957 1070 1334 1159 probatum
1365 1070 1703 1153 videmus,
1754 1070 1939 1157 quod
1972 1092 2179 1157 saepe
2212 1070 2354 1135 iam
2386 1068 2665 1135 conclu-

317 1176 561 1243 simus:
635 1178 937 1265 primum
1006 1176 1390 1242 Anabasim
1461 1176 1794 1264 scriptam
1866 1174 2113 1259 fuisse,
2185 1184 2459 1242 secutos
2518 1196 2663 1241 esse

316 1283 800 1372 Cyropaediae
845 1282 1081 1368 libros),
1145 1284 1394 1349 seriem
1457 1284 1872 1349 concludere
1916 1281 2421 1367 Memorabilia,
2484 1283 2664 1349 Con-

315 1388 608 1474 vivium,
659 1388 1054 1471 Hellenica3
1119 1409 1297 1476 quae
1360 1400 1714 1478 postrema
1778 1390 2040 1477 scripta
2102 1390 2158 1455 si
2214 1389 2401 1456 hunc
2463 1412 2663 1456 usum

314 1506 594 1584 spectas
657 1502 803 1562 tam
869 1504 1020 1561 arte
1087 1484 1485 1581 cohaerent,
1553 1504 1636 1563 ut
1700 1496 1959 1562 eisdem
2024 1496 2171 1562 fere
2235 1498 2665 1585 temporibus

313 1602 579 1690 scripta
626 1624 774 1669 esse
821 1603 1214 1669 videantur.

527 1726 765 1795 Unum
813 1750 978 1793 vero
1014 1736 1204 1794 caret
1237 1728 1712 1796 adnotatione.
1787 1728 2168 1817 Separatur
2216 1726 2401 1795 enim
2451 1730 2663 1796 Oeco-

311 1835 632 1901 nomicus
679 1834 812 1901 hac
859 1833 933 1899 in
979 1858 1052 1901 re
1102 1858 1143 1901 a
1191 1834 1438 1901 ceteris
1485 1834 1805 1923 dialogis,
1856 1836 2038 1922 quod
2073 1834 2339 1923 respuit
2385 1858 2664 1924 prorsus

309 1940 462 2007 fere
510 1940 694 2007 hanc
755 1942 838 2006 de
902 1964 1040 2028 qua
1097 1942 1242 2007 dixi
1299 1940 1590 2007 subiecti
1654 1942 2175 2011 seiunctionem.
2268 1944 2424 2009 Hoc
2475 1952 2661 2010 certe

315 2046 612 2114 alicuius
659 2048 995 2115 momenti
1057 2058 1162 2117 est
1276 2048 1454 2115 Sunt
1515 2050 1698 2115 enim
1760 2038 2120 2139 praeterea
2180 2050 2422 2135 multa,
2485 2075 2663 2138 quae

309 2162 554 2243 aperte
618 2167 946 2245 separent
994 2156 1442 2223 Oeconomici
1504 2180 1893 2224 sermonem
1958 2180 1997 2223 a
2058 2158 2305 2223 ceteris
2366 2158 2663 2245 dialogis

317 2272 393 2330 et
441 2288 550 2331 me
600 2266 880 2353 quidem
928 2265 1325 2354 prohibent,
1376 2266 1745 2353 quominus
1777 2264 1910 2331 hoc
1950 2264 2287 2353 scriptum
2319 2267 2391 2331 in
2424 2266 2663 2333 Xeno-

315 2370 787 2461 phonteorum
860 2394 1149 2461 operum
1218 2371 1464 2437 seriem
1536 2379 1727 2438 certo
1800 2368 1952 2439 loco
2034 2367 2353 2439 inseram.
2447 2372 2660 2440 Plura

313 2476 455 2544 huc
516 2478 891 2567 pertinent.
977 2480 1213 2547 Unum
1275 2478 1514 2545 statim
1575 2486 2190 2545 commemoretur:
2241 2479 2410 2546 illud
2484 2480 2661 2566 dico,

312 2584 506 2674 quod
551 2586 792 2653 stricte
841 2608 1114 2675 semper
1150 2591 1518 2674 separatur
1555 2586 1749 2652 vocis
1783 2584 1909 2675 ἔφη
1939 2608 2102 2654 usus
2136 2608 2175 2651 a
2211 2587 2424 2653 verbo
2460 2584 2659 2667 εἶπεν,

311 2712 474 2757 cum
521 2687 702 2759 εἶπεν
749 2714 1108 2780 nunquam
1140 2693 1653 2780 interponatur,
1687 2712 2045 2779 nunquam
2080 2716 2245 2758 vero
2282 2702 2663 2781 antepona-

313 2805 434 2865 tur
499 2799 788 2866 verbum
859 2797 1015 2889 ἔφης
1088 2800 1283 2865 cuius
1361 2798 1657 2866 similem
1729 2798 2250 2866 distinctionem
2320 2822 2662 2887 nusquam

311 2902 486 2970 alibi
530 2901 603 2970 in
651 2904 1130 2993 Xenophonte
1177 2904 1434 2971 inveni.

528 3030 866 3096 Attamen
935 3028 1110 3096 haec
1181 3030 1568 3096 sufficiant.
1666 3031 1869 3096 Certe
1930 3028 2266 3097 habemus
2328 3028 2662 3095 librorum

315 3136 582 3204 ordinis
615 3136 1112 3204 fundamenta:
1161 3136 1260 3205 eis
1292 3138 1628 3204 maiorem
1660 3138 1806 3203 vim
1840 3137 2225 3225 praebeant
2258 3145 2327 3203 et
2361 3134 2659 3203 auctori-

313 3251 557 3329 tatem,
608 3266 784 3333 quae
835 3245 918 3310 de
965 3244 1102 3311 hac
1148 3268 1222 3310 re
1281 3252 1668 3333 sequuntur
1730 3268 1857 3334 per
1917 3244 2464 3332 disputationem
2527 3242 2662 3309 dis-

311 3372 536 3439 persa.

527 3457 678 3522 Iam
725 3458 947 3523 multa
981 3457 1364 3544 peculiaria
1398 3456 1823 3542 enumeravi,
1865 3480 2042 3547 quae
2075 3458 2410 3547 praebeat
2439 3479 2662 3545 sermo

311 3563 914 3651 Xenophonteus:
981 3562 1282 3629 vidimus
1331 3564 1673 3630 sermonis
1724 3572 2047 3631 ornatum
2093 3587 2438 3655 nusquam
2500 3570 2663 3629 ante

311 3677 581 3737 notum.
676 3670 880 3738 Unde
929 3692 1095 3737 vero
1143 3668 1507 3736 effluxerit
1553 3670 1689 3737 hoc
1750 3669 1895 3737 eius
1943 3671 2293 3758 peculiare
2340 3694 2481 3738 non
2529 3669 2663 3736 nisi

311 3800 402 3843 ex
450 3784 650 3864 parte
698 3777 926 3843 adhuc
975 3775 1472 3866 perspeximus,

531 3884 688 3949 Hoc
735 3884 1131 3951 accuratius
1179 3905 1367 3951 nunc
1415 3884 1965 3972 percensendum
2012 3890 2138 3951 est.

539 4006 876 4086 Quamvis
947 4032 1204 4096 magna
1263 4016 1414 4075 arte
1474 4010 1755 4075 exculta
1815 4008 1905 4075 sit
1969 4008 2369 4075 Atticorum
2434 4009 2660 4075 oratio

311 4114 566 4201 soluta,
639 4115 959 4203 quamvis
1020 4115 1325 4183 studiose
1389 4116 1684 4186 coluerit
1745 4116 1894 4205 ipse
1939 4114 2360 4204 .Xenophon
2420 4138 2661 4182 omnes

313 4222 594 4291 dicendi
640 4230 876 4311 partes
923 4230 1136 4311 atque
1183 4224 1476 4311 figuras,
1525 4224 1845 4291 continet
1892 4230 2129 4291 tamen
2161 4222 2661 4313 Xenophontis
