3200 4959
1514 298 1759 368 .-...40
1826 340 1914 350 -

541 518 751 585 supra
799 498 936 562 duo
984 495 1189 561 huius
1239 496 1508 563 formae
1555 517 1851 581 genera:
1944 504 2017 561 et
2076 493 2353 581 quidem
2417 494 2590 560 haec
2652 500 2891 559 erant:

543 603 749 670 modo
799 603 1024 669 solum
1072 626 1189 669 vei
1206 602 1366 669 bum
1415 602 1719 669 orationi
1752 601 2241 691 interponitur,
2288 602 2497 668 modo
2543 622 2683 667 una
2732 622 2895 667 cum

541 712 756 776 verbo
815 708 1232 776 subiectum.
1325 710 1550 797 Saepe
1617 709 1690 774 in
1756 708 2071 775 Anabasi
2136 708 2311 775 haec
2378 710 2601 775 altera
2662 708 2893 775 forma

543 816 753 882 obvia
800 824 926 900 est,
981 820 1055 881 ut
1103 814 1494 883 subiectum
1541 816 1631 881 ad
1664 816 1955 883 verbum
1987 815 2325 881 inducens
2359 816 2679 899 addatur,
2728 836 2891 881 raro

539 930 821 989 tantum
901 922 1300 989 omittatur:
1377 922 1511 988 hoc
1587 932 2063 1010 permutatum
2144 922 2286 987 iam
2362 930 2465 987 est
2537 922 2609 987 in
2674 922 2891 1008 Cyro-

545 1030 800 1116 paedia
861 1040 935 1095 et
981 1029 1344 1115 Convivio,
1407 1030 1623 1095 etiam
1682 1030 1911 1116 magis
1968 1029 2041 1094 in
2100 1028 2687 1095 Memorabilibus.
2778 1028 2891 1093 Ne

543 1146 782 1202 tamen
845 1137 901 1203 si
949 1138 1114 1224 quid
1181 1136 1510 1223 colligere
1573 1134 1681 1202 vis
1741 1158 1827 1201 ex
1887 1134 2021 1203 hac
2084 1156 2529 1202 numerorum
2592 1135 2891 1219 ratione,

543 1243 746 1309 unius
773 1244 1104 1331 cuiusque
1148 1244 1376 1331 operis
1407 1243 1759 1331 peculiare
1792 1264 2017 1330 genus
2046 1241 2405 1329 neglegas,
2454 1244 2659 1309 Certe
2690 1242 2889 1324 illud,

542 1352 728 1438 quod
805 1350 874 1415 in
947 1350 1256 1416 Hierone
1335 1358 1406 1417 et
1483 1350 1951 1416 Oeconomico
2020 1349 2461 1437 frequentius
2530 1372 2741 1436 quam
2810 1350 2889 1413 in

542 1457 790 1523 ceteris
837 1456 1136 1543 dialogis
1183 1457 1570 1523 subiectum
1620 1479 1779 1523 cum
1826 1455 1952 1545 ἔφη
1998 1456 2390 1544 copulabat,
2452 1480 2537 1521 ex
2594 1479 2888 1543 operum

543 1564 696 1651 ipsa
759 1572 1014 1629 natura
1079 1564 1492 1652 explicatur.
1585 1563 1675 1629 In
1740 1562 2047 1630 Hierone
2088 1562 2301 1641 ‚enim
2366 1563 2539 1628 nihil
2606 1562 2889 1629 molesti

541 1668 756 1735 habet
803 1670 1098 1737 subiecti
1147 1671 1412 1737 additio
1472 1694 1554 1739 ea
1618 1671 1703 1737 de
1752 1692 1983 1753 causa,
2046 1670 2211 1758 quia
2270 1670 2345 1735 in
2407 1670 2541 1736 hoc
2598 1668 2885 1756 dialogo

541 1778 795 1865 longae
844 1777 1197 1845 orationes
1247 1780 1335 1845 ad
1384 1800 1601 1865 aeque
1648 1779 1901 1865 longas
1946 1784 2436 1843 annectuntur.
2532 1777 2613 1843 In
2666 1778 2887 1843 Oeco-

541 1868 818 1951 nomico
865 1908 1031 1951 vero
1081 1908 1240 1951 cum
1288 1886 1480 1951 aliud
1529 1885 1953 1971 colloquium
2016 1884 2089 1950 in
2150 1884 2339 1949 aliud
2387 1884 2722 1951 insertum
2768 1884 2886 1967 sit,

536 2014 796 2078 magna
861 2014 1316 2079 personarum
1386 1992 1477 2057 fit
1543 1992 1845 2057 mutatio
1911 1990 2291 2078 eademque
2357 1991 2745 2057 mutatione
2807 1990 2885 2055 id

537 2105 840 2182 curatur,
887 2107 968 2164 ut
1000 2099 1400 2165 distinctius
1431 2098 1751 2185 singulae
1790 2098 2143 2164 orationes
2182 2098 2661 2185 seiunguntur.
2731 2098 2887 2163 Nec

538 2206 743 2270 aliter
788 2228 895 2271 res
942 2230 1013 2271 se
1058 2205 1274 2271 habet
1304 2205 1378 2271 in
1411 2204 1763 2271 historicis
1792 2202 2103 2293 scriptis:
2152 2212 2223 2271 et
2255 2204 2417 2271 inde
2453 2206 2539 2271 de
2572 2204 2888 2271 Helleni·

535 2310 634 2377 cis
681 2313 908 2377 denuo
957 2312 1310 2379 conclusio
1373 2312 1677 2378 dabitur.
1772 2312 1879 2375 Ea
1938 2311 2123 2376 enim
2171 2333 2244 2376 re
2294 2334 2335 2377 a
2384 2312 2635 2377 ceteris
2668 2311 2887 2377 histo-

536 2418 658 2483 riis
721 2418 1066 2484 differunt
1125 2418 1512 2504 Hellenica,
1563 2419 1747 2506 quod
1796 2439 1955 2484 raro
2013 2425 2292 2486 tantum
2339 2417 2691 2485 exhibent·
2726 2417 2889 2483 sub-

497 2525 814 2590 .iectum.
1840 2524 1849 2535 ’

747 2667 977 2753 Magis
1032 2690 1245 2755 quam
1301 2666 1436 2752 hic,
1486 2668 1570 2733 de
1628 2691 1765 2757 quo
1822 2668 1957 2753 egi,
2014 2666 2569 2756 interpositionis
2622 2668 2887 2755 gradus

536 2781 786 2861 quarta
835 2772 956 2839 illa
1003 2774 1232 2840 forma
1284 2774 1618 2861 loquendi
1680 2772 1896 2863 ipsius
1956 2774 2315 2863 scriptoris
2378 2772 2669 2840 arbitrio
2730 2796 2887 2862 per-

537 2880 747 2946 missa
795 2880 1091 2965 videtur,
1154 2902 1308 2947 eam
1357 2881 1535 2965 dico,
1585 2904 1724 2969 qua
1772 2888 2141 2969 separatur
2178 2880 2494 2947 inductio
2544 2902 2583 2945 a
2634 2880 2887 2947 ceteris

535 2987 841 3053 eiusdem
902 2986 1292 3055 sententiae
1338 2988 1605 3053 verbis:
1682 2988 1818 3053 καὶ
1879 2982 1963 3066 ὃς
2020 2986 2253 3076 (Λέξον
2306 2980 2486 3077 ἡμῖν)
2534 2986 2687 3077 ἔφη
2733 2989 2778 3075 <.
2813 3039 2827 3054 .
2865 3040 2881 3053 .

534 3094 726 3179 Ergo
775 3117 861 3158 ex
909 3092 1114 3160 huius
1146 3116 1309 3159 usus
1347 3094 1833 3161 aestimatione
1882 3094 2031 3159 fore
2080 3116 2305 3182 spero,
2354 3104 2433 3161 ut
2482 3094 2881 3161 accuratius

533 3200 868 3266 librorum
893 3200 1392 3291 Xenophontis
1417 3202 1731 3269 ordinem
1764 3225 2002 3269 eruere
2029 3200 2391 3290 possimus.
2464 3202 2611 3267 Nec
2638 3210 2879 3268 tamen

533 3330 650 3373 eos
675 3307 864 3374 locos
888 3307 1066 3393 dioc,
1095 3307 1344 3395 quibus
1368 3317 1568 3375 extra
1594 3308 1825 3397 ipsum
1852 3308 2209 3395 dialogum
2229 3309 2519 3376 verbum
2545 3308 2883 3376 inducens

533 3437 574 3478 a
621 3413 935 3480 subiecto
983 3423 1381 3501 separatur:
1445 3416 1554 3481 καὶ
1617 3410 1651 3481 ὃ
1704 3418 2028 3507 Χαρικλῆς
2072 3408 2411 3503 ὀργισθεὶς
2468 3407 2645 3503 αὐτῷ
2698 3414 2747 3503 <.
2782 3466 2799 3481 .
2834 3416 2885 3502 .>

533 3518 674 3608 ἔφη.
749 3522 968 3599 Quem
999 3544 1201 3587 usum
1247 3522 1440 3588 vocis
1473 3520 1599 3611 ἔφη
1646 3522 1843 3609 origo
1877 3530 1947 3589 et
1979 3530 2231 3589 natura
2278 3522 2487 3588 facile
2535 3545 2884 3589 commen-

532 3627 768 3711 dabat,
800 3627 890 3693 cf.
942 3652 1009 3715 p.
1043 3626 1150 3713 38,
1196 3636 1705 3718 proptereaque
1754 3629 2158 3717 Xenophon
2192 3651 2347 3695 eum
2381 3652 2581 3695 suum
2614 3630 2885 3695 fecerat

533 3734 616 3799 de
650 3734 1031 3821 principio:
1073 3758 1280 3823 saepe
1313 3736 1498 3801 enim
1532 3736 1672 3801 iam
1706 3735 1780 3801 in
1812 3736 2128 3803 Anabasi
2163 3736 2276 3802 hic
2309 3758 2473 3803 usus
2503 3736 2881 3803 invenitur.

747 3878 1113 3943 Contraria
1174 3901 1341 3945 vero
1406 3878 1737 3945 accidunt
1796 3879 1871 3945 in
1934 3902 2015 3945 eo
2063 3901 2211 3965 usu,
2275 3902 2411 3968 quo
2474 3878 2880 3969 Xenophon

531 3983 843 4071 inipso
893 3983 1258 4073 dialogo
1299 3985 1591 4055 verbum
1624 3986 2097 4071 inductorium
2146 4010 2187 4053 a
2235 3988 2422 4055 solo
2470 3985 2879 4053 subiecto

532 4098 844 4178 separat:
879 4086 914 4157 ὃ
936 4091 1003 4157 δὲ
1029 4092 1367 4181 Σωκράτης
1391 4093 1438 4180 <.
1465 4142 1481 4157 .
1511 4094 1556 4181 .)
1589 4092 1717 4181 ἔφη
1750 4092 1795 4179 <.
1830 4142 1847 4157 .
1884 4094 1961 4180 .>;
1991 4116 2155 4160 nam
2180 4101 2253 4160 et
2276 4094 2599 4165 licentior
2630 4104 2734 4161 est
2765 4095 2881 4161 hic

533 4220 730 4263 susus
755 4238 840 4247 --
867 4198 959 4264 cf.
995 4223 1061 4287 p.
1097 4200 1184 4265 38
1217 4200 1377 4266 adn.
1417 4201 1450 4267 1
1475 4238 1564 4249 --
1589 4208 1663 4266 et
1692 4199 1964 4266 alienus
1996 4198 2205 4288 plane
2235 4201 2387 4267 fere
2418 4202 2509 4267 ab
2529 4200 2881 4269 Anabasi:
