3200 4959
1280 314 1679 382 „53-

521 506 714 599 Ergo
765 508 1318 578 Alexandrinum
1365 518 1645 599 tempus
1678 510 2127 598 ’appetamua
2206 512 2646 599 Quamquam

314 630 672 687 rarescunt
715 620 830 685 hic
879 618 1142 705 dialogi
1191 624 1401 705 atque
1449 617 1802 684 historiae.
1898 618 2157 685 Contra
2202 618 2647 685 efflorescere

315 727 546 815 coepit
591 727 820 793 denuo
869 748 1026 793 cum
1075 732 1390 791 veterum
1437 732 1807 812 poetarum
1865 725 2329 811 grammatica
2390 731 2649 791 tracta-

313 834 498 901 tione
543 833 696 921 ipsa
741 832 990 923 poesis.

521 941 906 1021 Homerum
954 938 1273 1027 inprimis
1305 946 1555 1027 poetae
1587 938 2076 1027 sequebantur.
2157 938 2379 1006 Simul
2410 946 2647 1007 tamen

311 1069 570 1113 novum
622 1045 926 1135 aliquem
975 1052 1300 1111 ornatum
1349 1043 1625 1131 epicum
1672 1067 1893 1131 genus
1942 1046 2347 1134 assumpsit:
2419 1046 2647 1135 poesis

309 1155 492 1224 enim
531 1153 651 1221 illa
677 1154 1040 1220 oriebatur
1069 1174 1260 1239 quae.
1281 1173 1555 1239 semper
1585 1151 1732 1220 fere
1766 1152 2167 1239 depravatis
2212 1153 2644 1241 temporibus

309 1261 500 1327 nasci
547 1260 745 1326 solet.
839 1260 1019 1325 Eam
1083 1258 1262 1343 dioc,
1323 1280 1504 1344 quae
1563 1258 1905 1325 desiderio
1966 1266 2292 1326 movetur
2350 1268 2645 1327 naturae

305 1366 798 1455 simplicitatis.

522 1475 716 1539 Haec
750 1473 902 1562 ipsa
939 1472 1169 1560 poesis
1202 1472 1276 1535 in
1307 1471 1680 1538 Theocrito
1715 1480 1967 1556 exstat,
2003 1472 2123 1543 illa
2154 1495 2321 1539 vero
2356 1474 2642 1539 Homeri

305 1580 610 1647 imitatio
658 1580 732 1645 in
781 1578 1254 1669 Apollonii
1301 1576 1822 1665 Argonauticis.

517 1689 754 1753 Pauca
802 1685 1170 1753 sufficiant
1230 1684 1314 1750 de
1361 1683 1865 1773 Argonauticis
1921 1686 2171 1771 verba3
2243 1710 2408 1752 nam
2468 1686 2646 1773 nihil

301 1796 450 1861 sere
499 1794 765 1859 habent
810 1793 943 1859 nisi
992 1790 1280 1858 Homeri
1327 1814 1752 1858 sermonem:
1825 1792 1959 1859 nisi
2008 1792 2189 1859 forte
2238 1794 2308 1859 id
2356 1794 2642 1883 excipis,

303 1902 490 1990 quod
551 1923 694 1966 non
753 1920 911 1965 cum
985 1898 1500 1993 praepositione
1571 1898 1762 1985 πρός·
1824 1900 1935 1963 vel
1996 1924 2191 1983 μετα·
2253 1923 2391 1967 vox
2462 1897 2644 1969 εἶπεν

301 2006 694 2095 composita
739 2014 848 2072 est
894 2004 1136 2093 paucis
1185 2005 1462 2102 quidem
1513 2004 1687 2072 locis
1736 2007 1826 2073 cf.
1876 2008 1949 2073 II
1996 2000 2165 2091 4'11;
2216 2011 2420 2092 1201;
2471 2011 2639 2075 item

301 2138 442 2182 vox
490 2114 920 2202 προσελέξατο
966 2102 1349 2201 usurpatur
1372 2112 1484 2179 ΙΙΙ
1515 2114 1667 2196 4⁶26,
1717 2137 1895 2200 quae
1930 2137 2065 2180 vox
2100 2138 2316 2205 prope
2357 2118 2641 2184 admota

299 2222 580 2287 videtur
627 2220 714 2286 ad
763 2220 1060 2285 atticum
1106 2218 1398 2285 verbum
1433 2216 1655 2298 ἔλεξεν.
1736 2220 1926 2307 Ergo
1961 2222 2137 2287 nihil
2170 2222 2315 2287 fere
2348 2224 2642 2289 novavit

297 2328 736 2417 Apollonius,
829 2325 1140 2393 Novavit
1188 2335 1436 2393 contra
1482 2324 2027 2395 Theocritua

511 2434 820 2501 Exhibet
861 2433 1140 2520 quidem
1186 2432 1407 2497 multa
1439 2432 1874 2518 TheocrituS,
1902 2451 2091 2522 quae
2138 2458 2223 2500 ex
2271 2444 2639 2523 poetarum

295 2548 611 2605 veterum
674 2536 992 2606 sermone
1039 2546 1396 2625 assumpta
1443 2560 1586 2605 esse
1651 2539 2013 2624 videntum
2083 2542 2361 2631 poetica
2420 2543 2637 2609 verba

295 2654 460 2714 sunt
563 2641 735 2713 ἄειδε
832 2644 942 2711 ΧΙ
1037 2646 1116 2711 17
1209 2644 1314 2711 ed.
1405 2642 1715 2728 Ahren83
1820 2646 2167 2736 μυθήσατο
2270 2648 2455 2713 XIX
2510 2642 2526 2659 ’
2559 2650 2635 2733 6;

294 2746 489 2821 ἄϋσεν
555 2752 742 2819 XIX
801 2752 922 2833 4¹73
994 2748 1329 2839 ἐπέκραγε
1369 2748 1556 2815 ΧΙΧ
1617 2750 1735 2834 34;
1806 2744 2069 2839 ἀγόρευε
2130 2754 2310 2820 VIII
2367 2758 2445 2839 53
2513 2756 2600 2821 83
2621 2779 2635 2839 ;

295 2854 599 2945 ἀμείβετο
641 2860 677 2925 Ι
715 2861 839 2938 93;
891 2857 1068 2924 VIII
1112 2858 1190 2939 83
1239 2856 1380 2922 VII
1413 2858 1529 2939 2'7;
1581 2858 1771 2923 XIX
1812 2860 1895 2924 72
1925 2898 1997 2909 —-
2029 2883 2173 2927 non
2211 2852 2635 2947 ἇπεκρίνατο;

295 2990 502 3057 porro
550 2964 922 3052 anteponit
950 2964 1250 3030 orationi
1297 2964 1705 3051 plerumque
1752 2966 2033 3053 quidem
2082 2966 2372 3033 verbum
2420 2965 2635 3035 εἶπενι

297 3075 483 3143 giem·

514 3182 850 3245 Attamen
898 3176 1373 3265 interponitur
1427 3178 1579 3244 aliis
1628 3178 1797 3245 locis
1856 3202 1995 3246 vox
2057 3179 2269 3247 εἶπενε
2330 3182 2632 3271 primum

297 3288 366 3353 in
428 3287 580 3376 ipso
645 3284 924 3371 dialogo
975 3282 1154 3349 XIV
1198 3284 1304 3366 22,
1367 3284 1617 3349 deinde
1664 3284 1853 3351 XXI
1918 3288 2018 3370 19,
2084 3285 2205 3352 ubi
2269 3296 2635 3377 separatur

296 3396 584 3461 verbum
639 3416 678 3459 a
739 3392 1088 3457 subiecto:
1136 3386 1434 3457 Λῦτονόα
1494 3384 1685 3479 (τόδ’)
1750 3391 1929 3459 ἔειπε
1950 3398 1997 3477 ¹)
2045 3394 2091 3481 <.
2130 3445 2144 3462 .
2182 3445 2197 3459 .
2290 3395 2502 3462 Cuius
2548 3396 2635 3463 si·

297 3503 458 3567 mile
525 3501 620 3564 fit
665 3500 735 3567 in
785 3518 958 3564 voce
1005 3495 1152 3585 ἔφη,
1217 3496 1348 3563 nisi
1397 3499 1583 3585 quod
1652 3499 1863 3585 paulo
1924 3500 2361 3589 frequentius
2421 3512 2496 3571 et
2552 3506 2633 3570 li-

299 3609 526 3675 berius
594 3628 803 3695 quam
876 3602 1058 3671 ein-ev
1123 3604 1254 3669 hoc
1319 3606 1611 3670 verbum
1692 3605 2195 3693 interponitur:
2266 3620 2634 3698 separatur

297 3718 480 3781 enim
535 3714 636 3780 bis
683 3714 770 3779 ab
819 3710 1125 3780 eiusdem
1173 3711 1562 3777 sententiae
1628 3712 1875 3777 ceteris
1938 3715 2169 3780 verbis
2217 3717 2358 3781 VII
2413 3719 2500 3783 43
2560 3728 2633 3783 et

301 3827 460 3903 1203
512 3831 758 3887 contra
807 3816 1282 3907 praemittitur
1331 3818 1634 3884 orationi
1684 3816 1719 3883 I
1764 3819 1851 3885 82
1899 3826 1972 3886 et
2018 3820 2237 3889 XVII
2268 3826 2373 3890 65.

515 3968 562 4033 1)
598 3962 776 4016 Hunc
812 3960 1067 4014 liberum
1105 3973 1301 4031 usum,
1339 3966 1414 4014 ut
1447 3959 1698 4015 verbum
1738 3959 1899 4017 εἶπεν
1946 3962 2021 4017 ab
2072 3964 2341 4019 eiusdem
2392 3974 2632 4023 senten-

297 4056 414 4109 tiae
451 4052 652 4108 verbis
691 4058 1016 4121 separetur,
1056 4048 1240 4103 semel
1280 4056 1518 4105 tantum
1555 4051 1619 4104 in
1646 4049 2049 4122 Xenophonte
2086 4053 2447 4125 invenimus,
2481 4074 2627 4113 nus-

297 4164 468 4215 quam
510 4144 570 4197 in
609 4142 888 4196 Platone:
929 4154 1071 4210 ergo
1110 4140 1172 4192 in
1210 4140 1408 4193 maius
1447 4146 1623 4193 aucta
1662 4140 1903 4195 videtur
1941 4142 2001 4195 in
2044 4142 2365 4198 Theocrito
2400 4162 2627 4201 sermo-

295 4238 388 4291 nis
425 4234 684 4289 licentia.
