3200 4959
1320 286 1715 351 ...7-

343 481 646 565 meinen‚
695 481 968 568 fragon,
1003 484 1522 563 antworten“.¹)
1585 480 1991 567 Sequuntur
2022 482 2247 546 multa
2280 481 2423 547 alia
2458 481 2694 564 verba,

345 610 526 675 quae
575 596 700 655 aut
731 588 884 675 ipsa
913 587 1130 653 verba
1174 586 1452 652 dicendi
1485 593 1650 655 sunt
1681 586 1862 653 sicut
1896 587 2301 674 ‚,sprechen‚
2351 586 2691 653 machen“

347 734 434 743 —-
493 694 626 761 hoe
687 694 820 760 nisi
882 694 1095 759 fallor
1153 716 1239 759 ex
1299 693 1809 781 francogallica
1885 692 2165 780 lingua,
2238 694 2359 759 ubi
2420 694 2697 780 saepius

343 801 736 884 invenitur,
801 800 874 866 in
939 807 1254 867 nostram
1319 808 1426 867 est
1491 800 1767 866 illatum
1834 840 1941 883 ——‚
2008 806 2131 865 aut
2196 822 2355 865 cum
2416 822 2695 888 praece·

345 908 554 973 dente
601 908 920 974 oratione
967 913 1372 995 sequentem
1415 914 1803 973 conectunt
1844 905 2029 973 sicut
2074 914 2540 995 ,‚entgegnen,
2590 928 2693 972 er-

343 1014 630 1097 widern,
693 1014 1095 1097 einwerfen,
1159 1012 1887 1095 dazwischenwerfen,
1934 1012 2471 1098 unterbrechen‚
2520 1014 2693 1080 fort?

341 1120 622 1204 fabren,
671 1119 1374 1205 wiedereinlenken“,
1423 1125 1546 1187 aut
1593 1118 1935 1187 orationis
1982 1140 2327 1187 summam
2371 1120 2445 1187 in
2476 1142 2691 1185 unum

343 1250 460 1293 vei
478 1227 641 1293 bum
689 1226 1292 1315 comprehendunt
1351 1226 1533 1293 sicut
1581 1226 1920 1309 ‚‚denken‚
1967 1233 2190 1311 raten,
2238 1232 2691 1309 vertrosten“‚

344 1334 644 1421 denique
692 1333 760 1399 id
812 1332 1124 1403 indicare
1171 1333 1478 1417 student,
1537 1332 1885 1420 quomodo
1949 1332 2173 1397 oratio
2236 1332 2693 1419 pronuntiata

345 1440 438 1505 sit
488 1441 670 1506 sicut
705 1440 1066 1524 „f11‘istern,
1100 1437 1660 1526 herausplatzen‚
1710 1446 2033 1521 stottern,
2080 1436 2327 1523 floten,
2376 1438 2690 1505 lachen“.

346 1547 569 1613 Paulo
618 1547 898 1633 longius
945 1546 1036 1612 ab
1084 1546 1216 1612 hac
1279 1545 1454 1611 serie
1515 1545 1659 1611 iam
1722 1544 1916 1611 abest
1975 1545 2264 1611 verbum
2328 1544 2690 1631 „schmun-

344 1652 541 1717 zeln“
595 1676 658 1741 p.
709 1654 828 1717 22:
881 1674 1044 1717 nam
1091 1652 1193 1717 nil
1239 1650 1371 1717 nisi
1420 1650 1695 1717 vultum
1741 1651 2095 1737 describit,
2144 1652 2263 1739 qui
2300 1654 2685 1719 orationem

343 1758 810 1846 prosequitur.
903 1760 1246 1825 Attamen
1290 1757 1475 1823 hanc
1523 1781 1799 1847 quoque
1849 1780 2092 1825 vocem
2124 1759 2373 1825 ultimo
2405 1758 2507 1825 illi
2541 1783 2685 1826 ver-

343 1866 592 1931 borum
643 1865 882 1953 generi
932 1865 1291 1931 attribuas.

491 1990 500 1997 ·
556 1970 970 2038 Tolerabilis
1019 1978 1207 2039 certe
1255 1970 1438 2041 haec.
1478 1994 1617 2038 vox
1666 1971 1963 2058 videtur,
2013 1972 2262 2038 sicum
2295 1972 2515 2039 libero
2566 1972 2688 2040 illo

341 2086 552 2165 atque
599 2076 972 2144 temerario
1023 2100 1278 2163 genere
1328 2076 1607 2143 dicendi
1653 2085 2121 2165 comparatur,
2170 2080 2352 2166 quod
2405 2078 2689 2145 cottidie

342 2208 562 2271 paene
612 2186 686 2249 in
735 2184 911 2252 actis
969 2184 1236 2250 diurnis
1297 2184 1659 2249 observas:
1733 2185 1927 2251 ouius
1989 2184 2290 2271 vestigia
2357 2186 2688 2253 nonnulla

343 2292 416 2355 in
465 2288 964 2357 Eschthrutiae
1013 2289 1133 2356 illa
1181 2290 1425 2356 fabula
1474 2290 1919 2378 deprehendi.
2004 2290 2106 2359 Ut
2152 2292 2335 2359 enim
2396 2294 2686 2360 verbum

343 2398 620 2463 dicendi
681 2396 792 2463 vel
855 2397 1002 2463 eius
1063 2396 1358 2463 similem
1413 2419 1659 2465 vocem
1721 2396 1997 2485 saepius
2057 2396 2387 2463 iteratum
2450 2398 2689 2483 evitet,

342 2503 734 2591 interponit
781 2504 1078 2593 scriptor
1140 2503 1448 2571 orationi
1505 2503 1818 2587 verbum,
1883 2504 2069 2590 quod
2125 2513 2399 2591 gestum
2462 2512 2691 2572 orato-

342 2610 434 2677 ris
503 2611 870 2677 describat.
995 2608 1310 2699 Intelligi
1381 2610 1662 2698 quidem
1734 2618 2024 2697 possunt
2092 2633 2299 2677 voces
2365 2612 2544 2678 tales
2614 2620 2693 2679 ut

347 2716 648 2803 „winkte
697 2719 809 2782 er“
863 2718 975 2781 vel
1029 2718 1306 2803 „nickte
1353 2719 1494 2801 er“,
1557 2716 1817 2805 quippe
1882 2739 2039 2783 cum
2102 2716 2311 2783 facile
2373 2741 2531 2783 cum
2593 2719 2691 2783 eis

343 2829 758 2909 congruant,
792 2846 968 2911 quae
995 2824 1311 2890 continet
1335 2824 1581 2907 oratio,
1622 2847 1846 2913 neque
1872 2826 2187 2891 deleatur
2210 2865 2295 2875 —
2316 2826 2689 2891 dummodo

343 2928 572 2995 brevis
635 2929 858 2996 oratio
920 2930 1013 2997 sit
1071 2954 1200 2997 nec
1267 2931 1671 2997 transcedat
1730 2930 1801 2996 id
1859 2938 2155 3018 tempuS,
2218 2933 2402 3019 quod
2460 2933 2691 3019 gestui

339 3035 672 3101 convenit
717 3074 801 3085 —-
866 3036 986 3102 illa
1049 3038 1232 3103 ratio
1295 3058 1476 3124 quae
1537 3038 1611 3103 in
1676 3037 2079 3103 universum
2140 3038 2421 3125 quidem
2492 3039 2677 3105 inter

347 3140 930 3208 introductorium
1003 3143 1295 3209 verbum
1363 3150 1436 3208 et
1503 3143 1728 3231 ipsam
1801 3143 2190 3210 orationem
2260 3145 2689 3212 intercedere

342 3248 536 3334 solet,
589 3246 858 3313 scilicet
923 3257 1003 3314 ut
1049 3248 1220 3315 illud
1282 3247 1761 3339 praedicatum
1826 3250 2215 3317 sententiae
2279 3252 2401 3339 sit,
2464 3252 2690 3319 oratio

346 3354 498 3443 ipsa
585 3354 970 3421 obiectum:
1059 3356 1296 3443 qualia
1382 3356 1839 3423 inveniuntur
1919 3381 1986 3446 p.
2062 3358 2148 3423 57
2232 3358 2445 3443 „allez
2525 3358 2689 3442 vite,

338 3460 614 3527 cherie“
671 3462 933 3527 winkte
965 3463 1067 3529 sie
1116 3463 1230 3529 vel
1261 3486 1327 3550 p.
1363 3465 1448 3529 59
1503 3463 1657 3548 „ta-h,
1706 3464 1946 3529 Alice“
1984 3464 2221 3529 nickte
2270 3464 2387 3531 sie.
2484 3464 2691 3530 Omni

343 3590 506 3635 vero
571 3576 816 3633 carent
873 3590 1079 3635 sensu
1137 3568 1534 3635 huiusmodi
1593 3570 1941 3636 formulae
2000 3571 2099 3635 eis
2161 3570 2351 3654 lociS,
2432 3570 2683 3656 quibus

343 3673 678 3739 orationis
725 3674 1094 3761 longitudo
1143 3675 1283 3739 iam
1331 3696 1473 3740 non
1522 3675 1853 3761 congruit
1884 3696 2040 3739 cum
2089 3684 2327 3761 gestus
2374 3683 2691 3763 tempore

343 3805 405 3869 p.
455 3786 541 3849 97
565 3807 578 3847 :
634 3782 940 3867 „Hoheit
987 3784 1270 3849 konnen
1316 3783 1790 3849 vollkommen
1838 3782 2169 3869 beruhigt
2214 3783 2405 3848 sein“
2455 3782 2691 3847 nickte

353 3885 471 3973 sie,
522 3896 732 3975 atque
779 3888 880 3954 nil
927 3888 1059 3955 nisi
1106 3888 1321 3955 risum
1355 3896 1646 3955 movent
1690 3888 2081 3954 locutiones
2128 3889 2304 3953 tales
2335 3896 2414 3973 ut
2461 3911 2527 3975 p.
2567 3888 2691 3952 153

353 3994 538 4081 „Das
606 3996 842 4061 wiirde
906 3996 1002 4063 im
1071 3996 1473 4065 November
1535 4004 1751 4061 etwas
1828 3992 2096 4060 schwer
2168 3992 2429 4079 halten,
2506 3993 2687 4059 mein

557 4138 610 4205 1)
646 4136 994 4209 Usurpatur
1032 4139 1190 4193 enim
1229 4138 1482 4193 verbum
1521 4138 1773 4209 „sageffl
1818 4138 1992 4189 1110118
2032 4136 2093 4189 in
2144 4136 2355 4207 primis
2409 4136 2476 4189 26
2528 4137 2691 4207 pagi-

345 4228 470 4281 nis:
509 4226 717 4281 eodem
755 4244 900 4283 vero
937 4244 1188 4283 numero
1233 4244 1352 4283 vox
1393 4226 1672 4299 „fragen“
1714 4224 2053 4279 exhibetur.
