3200 4959
1273 370 1715 435 -ῃ-

319 592 613 635 normae
659 570 884 634 instar
931 567 1088 635 fuit.
1162 568 1499 651 Perlegas
1531 566 1717 631 enim
1760 564 2117 651 Ziglerum
2168 564 2665 653 Kliphausien-

321 698 487 760 sem,
553 676 671 763 qui
734 697 876 739 non
939 674 1040 739 ita
1099 672 1325 739 multo
1372 684 1534 759 post
1580 671 2188 759 Simplicissimum
2250 671 2465 737 vixit:
2535 694 2665 735 nec

327 783 624 869 „sagen“
691 802 820 847 nec
889 778 1306 868 „spreohen“
1371 778 1558 865 apud
1618 800 1777 844 eum
1835 800 2135 863 regnare
2204 777 2475 843 videbis
2536 800 2665 843 neo

327 888 611 955 aliunde
681 889 952 953 elucere
1030 884 1554 975 simplicitatem
1633 884 1766 950 nisi
1837 906 1923 949 ex
1992 883 2468 970 frequentiore
2534 897 2665 949 us'u

320 994 518 1061 verbi
571 995 1046 1081 „antworten“
1084 1032 1168 1041 —
1201 992 1336 1057 hoo
1383 990 1570 1057 enim
1615 991 1909 1057 verbum
1946 990 2153 1058 17¹0¹¹⁸
2198 991 2271 1054 in
2304 992 2389 1056 37
2423 989 2667 1078 primis

329 1101 610 1189 paginis
656 1101 789 1185 (ed.
839 1100 918 1165 F.
968 1096 1356 1183 Bobertag)
1401 1097 1793 1182 exhibetur,
1854 1105 2103 1163 contra
2170 1105 2403 1162 cetera
2450 1096 2665 1163 verba

327 1212 413 1276 67
437 1210 567 1274 iens·

537 1316 730 1393 Quae
789 1314 850 1379 si
909 1334 1309 1401 percenses,
1377 1313 1800 1379 varietatem
1860 1311 2135 1377 dicendi
2197 1348 2277 1359 —-
2346 1310 2667 1397 quamvis

321 1444 464 1487 non
524 1421 625 1485 ita
686 1442 1021 1506 magnam
1081 1418 1596 1504 antiquioribus
1657 1418 2089 1505 temporibus
2142 1456 2215 1467 -—-
2280 1424 2519 1483 tamen
2580 1417 2666 1483 de

321 1526 672 1615 principio
723 1534 1004 1592 nostrae
1065 1524 1352 1611 linguae
1413 1524 1773 1613 propriam
1834 1532 1905 1590 et
1966 1523 2391 1612 peculiarem
2452 1524 2665 1589 fuisse

321 1634 546 1701 vides:
609 1656 698 1699 ex
743 1656 828 1699 eo
875 1632 1141 1699 scilicet
1199 1640 1533 1719 tempore,
1595 1653 1735 1717 quo
1782 1630 2119 1697 maiorem
2181 1630 2369 1719 cepit
2428 1638 2665 1697 auoto-

319 1740 604 1807 ritatem
651 1739 1051 1805 fabularum
1099 1760 1341 1826 genus.

537 1864 688 1930 Nec
757 1863 891 1929 hac
949 1862 1068 1931 via
1141 1863 1438 1929 assecuti
1497 1884 1735 1929 sumus
1796 1862 2075 1927 initium
2136 1861 2661 1949 progressionis.

324 1972 546 2038 Retro
595 1977 914 2057 spectare
963 1970 1310 2035 debemus,

539 2094 720 2173 Quid
769 2094 1280 2180 autem.magis
1325 2093 1529 2160 nobis
1562 2094 1753 2159 cordi
1800 2116 1945 2161 esse
1994 2101 2224 2183 potest
2258 2117 2467 2181 quam
2516 2093 2664 2159 eius

325 2200 568 2289 populi
617 2201 892 2267 litteras
939 2200 1151 2285 adire,
1201 2200 1321 2288 qui
1367 2200 1710 2287 originem
1761 2208 1970 2287 atque
2028 2203 2424 2288 exemplum
2472 2200 2665 2266 dedit

327 2306 518 2374 omni
572 2308 741 2375 artis
801 2307 1330 2396 pulchritudini,
1389 2308 1574 2375 unde
1636 2314 1867 2373 ortum
1928 2316 2265 2394 ceperunt
2320 2307 2395 2372 in
2458 2330 2662 2374 omne

325 2422 602 2501 tempus
651 2435 891 2481 omnes
941 2414 1111 2481 artis
1157 2436 1442 2480 normae
1491 2422 1562 2479 et
1610 2414 1847 2501 leges?
1926 2413 2105 2492 Quid
2138 2414 2473 2481 maiorem
2508 2437 2665 2501 pro-

323 2520 546 2587 mittit
591 2522 900 2588 fructum
939 2542 1148 2609 quam
1183 2544 1472 2608 graecas
1503 2519 1981 2608 pervestigare
2028 2520 2299 2586 litteras
2347 2544 2475 2586 nec
2522 2542 2665 2586 non

322 2650 652 2694 romanas
684 2652 864 2716 quae
899 2628 1070 2695 artis
1103 2628 1400 2694 vinculis
1434 2648 1592 2693 cum
1626 2616 1899 2714 graecis
1938 2626 2355 2694 coniunctae
2388 2628 2596 2693 sunt?
2618 2632 2665 2710 ι)

539 2750 811 2818 Desunt
857 2775 1022 2820 vero
1071 2752 1257 2839 apud
1292 2752 1618 2838 antiquos
1650 2752 1890 2839 primis
1924 2752 2202 2839 quidem
2234 2751 2666 2840 temporibus

325 2857 638 2941 fabulae,
673 2880 844 2943 quas
875 2858 1353 2924 Romanenses
1384 2880 1717 2924 vocamus
1750 2882 1831 2924 ac
1866 2882 1953 2923 ne
1985 2858 2355 2948 postremis
2389 2858 2667 2947 quidem

325 2963 760 3051 temporibus
806 2963 1000 3030 illam
1049 2985 1259 3052 quam
1308 2964 1494 3051 apud
1541 2986 1671 3031 nos
1718 2966 2214 3033 anctoritatem
2251 2966 2670 3032 obtinebant

325 3093 456 3135 nec
489 3070 674 3157 quod
711 3071 799 3135 ad
831 3090 978 3135 rem
1011 3092 1140 3135 nec
1173 3072 1357 3157 quod
1391 3071 1480 3136 ad
1512 3071 1913 3138 fabularum
1945 3094 2311 3138 numerum
2338 3072 2665 3160 pertinet.

327 3177 666 3242 Attamen
730 3184 1190 3263 compensant
1249 3177 1650 3244 fabularum
1698 3178 2251 3245 Romanensium
2315 3178 2667 3245 defectum

325 3284 462 3349 duo
535 3281 675 3349 alia
734 3281 1130 3349 litterarum
1192 3306 1486 3371 genera:
1556 3284 1858 3371 primum
1922 3284 2183 3372 dialogi
2244 3286 2669 3353 narrationis

326 3389 551 3457 instar
596 3388 860 3477 scripti,
925 3388 1044 3475 qui
1091 3389 1408 3457 Platonis
1465 3392 1899 3479 temporibus
1961 3392 2096 3459 orti
2157 3392 2379 3459 multo
2442 3392 2669 3478 magis

333 3496 523 3583 apud
575 3494 906 3582 antiquos
952 3516 1162 3581 quam
1213 3498 1398 3584 apud
1445 3519 1573 3564 nos
1621 3498 2047 3582 floruerunt3
2098 3498 2345 3563 deinde
2393 3498 2669 3564 histori-

325 3624 523 3667 arum
615 3623 871 3688 genus,
965 3602 1150 3687 quod
1245 3610 1477 3669 aetate
1569 3604 1707 3669 illis
1798 3605 2171 3673 antecedit.
2290 3606 2670 3690 Nunquam

325 3708 513 3772 enim
559 3708 694 3773 nisi
726 3709 1016 3795 paulum
1065 3732 1136 3775 se
1185 3708 1516 3776 liberavit
1561 3710 1694 3776 hoc
1734 3700 1955 3797 genus
2006 3712 2095 3777 ab
2141 3710 2325 3799 epici
2372 3710 2667 3799 generis,

327 3813 520 3880 cuius
581 3814 884 3902 vestigia
943 3814 1280 3902 sequitur,
1343 3817 1765 3883 auctoritate
1826 3840 1954 3884 nec
2014 3840 2325 3905 unquam
2388 3824 2667 3884 nostrae

543 4029 596 4097 1)
634 4026 1024 4084 Desiderabis
1062 4028 1248 4083 medii
1287 4032 1422 4085 aevi
1457 4031 1823 4102 scriptores3
1860 4036 1923 4086 et
1962 4030 2181 4087 vellem
2208 4046 2357 4086 sane
2380 4032 2670 4085 existeret

323 4115 431 4186 qui
470 4131 678 4171 eorum
716 4122 906 4171 artem
945 4116 1408 4173 demonstraret.
1477 4120 1611 4191 Ego
1660 4137 1805 4175 vero
1857 4121 1923 4174 in
1973 4122 2107 4193 ipsa
2157 4120 2525 4189 antiquitate
2574 4136 2669 4173 me

325 4204 602 4259 continui
656 4212 718 4260 et
767 4206 919 4260 mihi
970 4205 1100 4263 fere
1149 4206 1428 4262 satisfeci
1477 4208 1532 4263 si
1602 4208 1750 4276 quid
1813 4210 2083 4276 antiquis
2137 4209 2462 4281 placuerit,
2530 4224 2668 4263 enm

321 4292 633 4349 hodiernis
669 4312 1019 4368 comparare
1053 4296 1282 4369 poterit
1315 4295 1532 4353 doctus
1568 4298 1775 4353 lector.
