3200 4959
1509 312 1909 381 „72-

755 512 1006 599 Itaque
1053 511 1328 577 misceri
1359 511 1711 599 incipiunt
1740 534 1921 599 quae
1952 512 2183 577 adhuc
2214 510 2549 577 distincta
2583 518 2785 579 erant
2806 516 2889 595 ¹).

753 618 1122 683 Accedunt
1169 618 1308 685 alia
1355 618 1662 685 eiusdem
1708 618 1811 685 rei
1854 618 2135 685 indicia.

755 725 976 791 Novit
1043 725 1228 791 enim
1299 725 1681 813 Dionysius
1750 725 2044 793 atticum
2115 725 2613 814 duplicationis
2680 748 2893 793 usum

539 831 613 895 in
671 832 716 896 1.
767 832 907 897 VII
973 834 1086 897 16:
1147 832 1272 897 ubi
1327 832 1808 919 praemittitur
1868 832 2169 899 orationi
2230 832 2535 899 formula
2592 826 2895 921 ἠρώτησε

539 938 794 1005 τοιάνδε
859 936 1003 1005 τινὰ
1075 937 1414 1027 ἐρώτησιν,
1493 939 1745 1005 deinde
1814 939 2287 1027 interponitur
2354 940 2647 1007 verbum
2717 939 2891 1029 ἔφη;

543 1046 698 1110 aliis
745 1068 910 1113 vero
971 1046 1148 1115 locis
1209 1046 1325 1111 ille
1371 1046 1717 1113 Herodoti
1780 1068 1943 1113 usus
2006 1046 2397 1130 exhibetur,
2460 1070 2598 1135 quo
2661 1048 2891 1135 parti-

552 1151 810 1241 cipium
858 1154 1058 1239 λέγων
1105 1154 1496 1221 addebatur
1541 1154 1627 1219 ad
1678 1153 1831 1241 ipsa
1878 1152 2254 1219 inducendi
2314 1153 2565 1238 verba,
2640 1154 2893 1241 qualia

542 1257 997 1326 inveniuntur
1039 1258 1151 1324 IX
1197 1260 1283 1325 42
1333 1250 1653 1341 ὠνείδιζον
1698 1260 1986 1345 λέγοντες
2030 1267 2105 1325 et
2148 1258 2262 1325 III
2311 1258 2349 1326 7
2396 1252 2619 1349 ἤρχετο
2664 1260 2893 1328 τοιάδε

541 1366 608 1433 λέ
652 1390 758 1432 ων.

609 1391 648 1452 y
755 1475 1130 1539 Praeterea
1205 1473 1617 1561 plerumque
1696 1474 1975 1563 quidem
2045 1475 2335 1541 verbum
2403 1470 2893 1562 ἅποκρίνεσθαι

543 1588 921 1671 usurpatur
974 1620 1045 1630 —
1102 1580 1267 1646 '7¹0⁰‘
1316 1622 1419 1666 -—‚
1481 1604 1621 1649 uno
1672 1582 1825 1647 loco
1873 1580 2275 1649 Herodotea
2345 1604 2485 1648 vox
2546 1575 2892 1669 ὑποκρίνε-

543 1694 713 1755 σθαι
758 1689 794 1754 Ι
841 1690 947 1755 83.

756 1796 1212 1883 Eandemque
1259 1796 1699 1863 Herodotum
1746 1795 2089 1885 respicere
2137 1794 2418 1862 videtur
2464 1797 2537 1862 X
2590 1798 2694 1883 15,
2762 1796 2889 1863 ubi

554 1902 778 1969 oratio
828 1902 1110 1991 obliqua
1159 1902 1232 1967 in
1280 1902 1617 1969 directam
1666 1901 1953 1969 transit:
2005 1902 2287 1969 additur
2334 1903 2521 1969 enim
2558 1903 2889 1971 hocloco

548 2012 633 2076 ad
684 2033 928 2077 vocem
978 2009 1229 2099 ἔφασαν
1275 2009 1724 2099 perticipium
1770 2010 2077 2095 λέγοντες,
2127 2032 2331 2097 quem
2363 2033 2563 2077 usum
2598 2010 2892 2077 amabat

543 2119 694 2205 ipse
741 2118 1159 2183 Herodotus,

753 2222 1051 2287 Accedit
1097 2229 1332 2289 autem
1381 2224 1697 2311 vulgaris
1742 2223 2079 2291 sermonis
2125 2223 2541 2291 auctoritas:
2614 2233 2687 2291 et
2732 2225 2892 2313 qui-

548 2329 706 2395 dem
751 2328 926 2395 haec
975 2330 1360 2397 auctoritas
1406 2330 1628 2398 tribus
1675 2352 1761 2395 ex
1805 2331 2013 2398 rebus
2060 2332 2309 2398 elucet.

541 2506 667 2571 τὰς
704 2511 1190 2581 παραινέσεις
1226 2504 1700 2580 σκηψάμενοι
1737 2509 1837 2581 <Tc
1871 2499 1995 2581 οὖν)
2034 2510 2246 2579 ἔφασαν
2284 2500 2411 2582 (οὔκ
2448 2501 2615 2572 mitis·
2659 2507 2897 2583 ἡγεμὼν

541 2604 702 2675 γίνῃ.
743 2640 753 2651 .
794 2614 839 2667 .;
890 2596 1173 2652 similiter
1209 2612 1308 2652 res
1346 2612 1412 2653 se
1449 2594 1631 2652 habet
1666 2597 1726 2652 X
1763 2600 1861 2667 623
1914 2597 2005 2653 XI
2042 2600 2129 2653 40.
2203 2597 2329 2653 Iam
2372 2614 2517 2653 vero
2556 2599 2895 2670 quaeritur,

541 2686 704 2741 unde
742 2686 1076 2758 explicetur
1101 2686 1200 2741 hic
1237 2702 1400 2741 usus.
1449 2686 1723 2742 Usumne
1746 2686 2011 2743 fortasse
2035 2686 2207 2740 illum
2234 2688 2504 2757 respexit
2530 2687 2895 2759 Dionysiae,

547 2792 664 2844 quo
704 2775 864 2848 apud
901 2774 1280 2830 Herodotum
1317 2777 1382 2829 in
1420 2774 1552 2831 solo
1589 2777 1855 2831 transitu
1892 2774 1991 2831 vel
2041 2772 2347 2829 similibus
2402 2775 2555 2831 locis
2606 2794 2728 2831 vox
2778 2778 2897 2851 ἔφη

545 2864 1082 2935 interponebatur?
1157 2862 1272 2917 Sed
1311 2864 1468 2918 hanc
1505 2864 1907 2919 imitationem
1956 2882 2077 2919 non
2117 2863 2499 2919 tribuendam
2552 2880 2689 2920 esse
2734 2876 2895 2937 puto

543 2954 858 3025 Dionysio.
933 2952 1126 3007 Immo
1165 2968 1310 3007 vera
1349 2968 1532 3008 causa
1567 2953 1718 3007 haec
1766 2952 1917 3007 mihi
1966 2968 2103 3007 esse
2154 2950 2425 3007 videtur:
2474 2952 2709 3024 plenior
2762 2971 2894 3010 vox

543 3048 638 3097 est
675 3042 908 3114 ἔφησεντ
947 3057 1089 3114 ergo
1128 3040 1254 3095 illic
1291 3041 1607 3113 aptissime
1642 3040 2062 3113 usurpabatur,
2112 3040 2221 3095 ubi
2258 3058 2417 3096 nova
2452 3041 2653 3109 aliqua
2689 3042 2893 3099 oratio

539 3132 786 3186 initium
823 3132 998 3203 cepit,
1038 3146 1194 3198 quae
1229 3130 1602 3204 seiungenda
1640 3136 1771 3185 erat
1807 3146 1843 3183 a
1880 3132 2255 3185 narratione:
2305 3129 2557 3186 verbum
2594 3134 2703 3205 ἔφη
2738 3148 2890 3188 vero

539 3220 759 3275 ceteris
800 3219 1201 3276 exhibebatur
1236 3221 1401 3277 loeis.

755 3307 1066 3364 Habemus
1105 3316 1426 3382 praeterea,
1467 3308 1628 3376 quod
1666 3307 1879 3380 probet
1902 3307 2069 3362 illam
2096 3306 2390 3363 librorum
2430 3309 2887 3381 separationem,

542 3397 616 3452 de
655 3414 774 3464 qua
811 3414 995 3469 supra
1031 3396 1176 3453 dixi.
1249 3398 1503 3469 Legitur
1541 3398 1701 3452 enim
1737 3396 1988 3452 verbum
2028 3400 2181 3471 λέγει
2224 3398 2411 3453 miens
2438 3399 2501 3453 in
2538 3414 2647 3455 sex
2672 3399 2887 3471 primis

540 3486 731 3555 libris,
769 3494 982 3541 contra
1005 3487 1324 3554 quinquies
1351 3492 1592 3541 tantum
1630 3487 1693 3540 in
1717 3490 2059 3559 postremis.
2132 3486 2391 3543 Constat
2426 3504 2571 3544 vero
2608 3506 2683 3543 ex
2708 3488 2885 3544 Novo

541 3574 928 3631 Testamento
965 3575 1386 3645 similibusque
1423 3577 1671 3647 scriptis
1710 3576 1853 3645 hoc,
1906 3577 1983 3633 ad
2020 3576 2335 3650 vulgarem
2372 3594 2709 3633 sermonem
2752 3596 2885 3633 ver-

543 3664 686 3719 bum
725 3667 880 3737 λέγει
919 3666 1114 3738 magis
1151 3664 1452 3735 pertinere
1489 3682 1669 3737 quam
1707 3666 1783 3721 ad
1810 3668 2079 3722 atticum.
2146 3665 2403 3721 Accedit
2426 3666 2587 3733 quod
2612 3666 2884 3739 vulgaris

541 3754 646 3809 ille
673 3772 842 3823 usne,
871 3772 988 3823 quo
1013 3752 1260 3809 verbum
1287 3753 1580 3825 subiecto,
1620 3755 1875 3827 obiecto,
1900 3755 2207 3811 similibus
2234 3754 2436 3810 verbis
2464 3756 2885 3827 anteponitur:

539 3849 632 3901 καὶ
669 3846 824 3919 λέγει
863 3846 892 3898 ὅ
931 3874 994 3884 -—
1034 3840 1170 3915 πρὸς
1210 3840 1306 3898 τὸν
1339 3874 1412 3885 ·--
1439 3844 1514 3899 cf.
1549 3864 1602 3917 p.
1642 3848 1727 3915 73,
1766 3846 1829 3901 in
1854 3846 2067 3917 primis
2092 3849 2329 3898 tantum
2356 3844 2664 3899 invenitur
2688 3844 2881 3901 libris.

759 3937 809 4001 1)
845 3933 979 3987 Hoc
1028 3948 1150 3986 non
1203 3933 1291 3987 ita
1344 3934 1564 3989 mirum
1622 3933 1815 3989 videri
1866 3940 2096 4006 potest:
2154 3950 2293 3987 nam
2346 3950 2470 3988 non
2524 3950 2649 3989 una
2702 3935 2767 3988 in
2814 3950 2885 3989 re

539 4040 774 4077 omnem
830 4027 1020 4076 artem
1075 4022 1382 4077 excultam
1435 4022 1773 4095 Dionysius
1830 4023 2115 4095 neglexit.
2198 4020 2335 4078 Hoc
2393 4022 2562 4078 illinc
2616 4028 2883 4095 apparet,

541 4110 701 4177 quod
755 4126 962 4167 omnes
1017 4109 1148 4165 fere
1201 4128 1395 4167 novas
1447 4111 1849 4179 insolitasque
1914 4111 2253 4170 locutiones
2324 4113 2597 4167 statim
2662 4114 2884 4167 iterare

541 4200 698 4255 solet
749 4199 1084 4273 Dionysius
1141 4200 1219 4255 cf.
1269 4200 1360 4257 XI
1405 4202 1644 4271 19-293
1696 4198 1813 4256 V11
1850 4202 2091 4267 89—473
2140 4200 2225 4255 IV
2263 4202 2468 4269 9-103
2518 4200 2603 4255 VI
2642 4202 2882 4271 59—71;

537 4286 570 4343 1
607 4292 678 4345 58
713 4294 822 4345 etc.
