3200 4959
1547 1053 1988 1163 VITA.

815 1322 1014 1378 Natus
1071 1340 1207 1378 sum
1257 1322 1651 1379 Aemilius
1706 1324 2161 1397 Buennings
2231 1326 2293 1381 in
2353 1323 2572 1398 oppido
2638 1323 2967 1379 Elberfeld

604 1430 762 1467 anno
817 1414 954 1467 1879
1004 1410 1102 1467 die
1140 1412 1350 1467 XXVI
1399 1428 1587 1467 mens.
1640 1412 1813 1469 Febr.
1864 1418 2035 1485 patre
2084 1414 2266 1470 Petro
2319 1422 2511 1469 matre
2566 1413 2835 1468 Aemilia
2889 1412 2969 1467 de

602 1506 782 1575 gente
799 1500 1294 1573 Benninghoven,
1323 1501 1542 1569 quibus
1565 1502 2001 1574 superstitibus
2024 1502 2221 1559 adhuc
2245 1501 2495 1577 gaudeo.
2548 1502 2720 1557 Fidei
2749 1502 2967 1557 addic-

602 1598 704 1644 tus
743 1606 880 1645 sum
918 1590 1175 1646 Calvini.
1255 1590 1506 1645 Ineunte
1549 1608 1707 1646 anno
1752 1592 1887 1647 1888
1928 1592 1990 1646 in
2027 1594 2417 1665 gymnasium
2454 1593 2719 1647 civicum
2743 1590 2969 1645 Elber-

601 1678 912 1748 feldiense,
953 1677 1112 1747 quod
1151 1678 1463 1735 Ludovico
1503 1678 1781 1734 Scheib
1800 1696 1831 1733 e
1868 1679 2169 1736 directore
2210 1680 2405 1737 adhuc
2430 1679 2631 1750 floret,
2668 1688 2966 1753 receptus

602 1786 708 1841 per
740 1784 962 1824 novem
986 1786 1176 1824 annos
1203 1768 1380 1824 bonis
1407 1768 1636 1823 litteris
1678 1769 2015 1823 instructus
2045 1786 2199 1825 sum.
2274 1770 2548 1842 Contigit
2584 1775 2793 1824 autem
2820 1769 2965 1824 feli-

599 1859 764 1927 citer,
803 1863 874 1912 ut
911 1873 1016 1928 per
1055 1856 1208 1913 duos
1247 1874 1437 1913 annos
1476 1856 1793 1913 LudoVIco
1832 1856 2199 1915 Martens
2248 1864 2452 1913 uterer
2488 1860 2802 1931 magistro,
2856 1859 2966 1925 qui

605 1946 681 2003 ad
717 1953 952 2003 veteres
992 1947 1330 2018 scriptores·
1367 1946 1690 2019 diligenter
1741 1944 2091 2003 tractandos
2128 1946 2408 2019 inprimis
2446 1947 2717 2002 animum
2754 1964 2963 2001 meum

607 2036 912 2092 excitavit.
988 2036 1296 2091 Dimissus
1368 2052 1504 2091 cum
1573 2036 1925 2091 testimonio
1982 2036 2357 2092 maturitatis
2415 2052 2555 2090 vere
2610 2036 2753 2089 anni
2821 2038 2963 2090 189?

607 2127 990 2198 usn-purgum
1027 2142 1124 2179 me
1160 2125 1390 2181 contuli
1444 2124 1669 2179 studiis
1722 2123 2047 2199 philologis
2102 2141 2342 2197 operam
2394 2123 2680 2179 daturus:
2725 2123 2815 2179 ibi
2856 2142 2969 2197 per

607 2214 702 2269 bis
740 2230 848 2269 sex
888 2230 1124 2269 menses
1163 2218 1434 2269 moratus
1474 2231 1623 2269 sum.
1709 2212 1940 2269 Deinde
1977 2231 2167 2269 unum
2218 2219 2509 2269 semestre
2546 2214 2965 2284 Argentorati‚

607 2320 797 2357 unum
833 2302 1082 2359 Bonnae
1120 2309 1527 2359 commoratus
1568 2302 1959 2375 Mar-purgum
2006 2320 2218 2359 rursus
2266 2304 2546 2375 migravi.
2618 2302 2776 2356 Vere
2816 2304 2965 2357 anni

612 2394 744 2447 1901
787 2390 1034 2447 domum
1071 2391 1241 2463 redii,
1281 2397 1351 2446 ut
1387 2392 1502 2448 hoc
1539 2391 1903 2463 opusculum
1941 2390 2324 2447 conficerem.

821 2480 1255 2536 Proseminarii
1291 2479 1833 2536 exercitationibus
1861 2480 2155 2554 philologi
2194 2488 2267 2537 ut
2306 2482 2661 2535 interessem
2695 2480 2967 2553 benigne

608 2569 1013 2642 permiserunt
1049 2569 1268 2640 Maass,
1306 2569 1459 2639 Birt,
1498 2568 1750 2639 Usener,
1804 2568 2029 2625 Thiele.
2106 2570 2193 2626 Ut
2228 2571 2293 2624 in
2336 2570 2731 2625 seminarium
2768 2570 2968 2641 philo-

607 2659 874 2731 logioum
922 2660 1221 2731 reciperer
1271 2659 1521 2726 eiusque
1574 2675 1681 2730 per
1729 2665 1822 2713 ter
1871 2676 1979 2713 sex
2032 2675 2269 2714 menses
2322 2659 2685 2713 secretarius
2741 2674 2963 2727 essem,

607 2747 853 2803 Birtii
892 2754 953 2802 et
983 2747 1308 2803 Maassii
1348 2746 1646 2802 beneficio
1672 2756 1768 2803 est
1792 2747 2044 2803 factum.
2100 2746 2654 2803 Exercitationibus
2686 2748 2821 2802 suis
2866 2764 2967 2801 me

609 2836 980 2892 admiserunt
1017 2836 1339 2909 philologis
1379 2836 1528 2905 Birt,
1567 2836 1800 2905 Coerte,
1840 2837 1881 2893 J
1885 2836 2115 2907 udeich,
2156 2836 2378 2906 Thiele‚
2418 2836 2727 2891 historicis
2754 2836 2961 2905 Niese‚

608 2925 1071 2997 archaeologicis
1109 2925 1474 2995 Loeschcke,
1513 2924 1587 2979 de
1626 2925 1824 2997 Sybel‚
1862 2925 2294 2998 philosophicis
2334 2925 2556 2981 Cohen.

823 3013 1056 3079 Quibus
1105 3015 1249 3070 viris
1301 3014 1580 3069 omnibus
1632 3015 1859 3087 gratias
1905 3034 2018 3088 ago
2064 3016 2377 3071 maximas.
2474 3014 2757 3086 Inprimis
2814 3030 2963 3068 vero

611 3102 1022 3159 Theodoro
1091 3103 1294 3174 Birt,
1356 3104 1460 3171 qui
1511 3103 1574 3157 in
1629 3103 2055 3159 conscribendo
2107 3104 2219 3159 hoc
2274 3102 2563 3174 opusculo
2620 3101 2967 3157 adiutorem

611 3202 846 3265 semper
899 3208 966 3247 se
1020 3192 1355 3265 praestitit,
1409 3192 1822 3265 gratissimum
1877 3192 2142 3247 animum
2198 3208 2293 3247 me
2366 3196 2753 3247 servaturum
2826 3208 2965 3246 esse

613 3281 898 3354 spondeo.

1575 3348 1966 3423 »issaar

1654 3412 1875 3463 οῐτκε

1501 3480 2037 3563 υΝΙνΕΠΒΠΎ

1569 3622 1616 3671 c
1732 3594 1811 3636 or
