3200 4959
1539 290 1939 359 „50-

779 488 1092 556 Similem
1181 498 1631 575 progressum
1720 487 1795 553 in
1878 486 2019 553 alia
2096 508 2269 553 voce
2346 486 2487 555 iam
2564 487 2909 557 Anabasis

565 596 938 684 praestitit.
1033 595 1216 661 Nam
1261 595 1322 663 si
1369 594 1544 661 illud
1589 594 1899 682 respiciS,
1946 596 2296 681 quomodo
2344 618 2521 666 voce
2565 589 2907 681 ἄρχεσθαι,

566 705 652 770 de
719 716 866 790 qua¹
921 724 1132 791 supra
1193 702 1338 767 iam
1401 701 1567 785 dixi,
1634 702 2126 769 antecedentes
2170 702 2547 790 scriptores
2594 702 2701 771 usi
2747 702 2909 787 sint,

565 810 664 877 nil
711 810 846 876 nisi
890 808 1338 898 participium
1386 808 1536 875 eius
1579 807 1913 876 invenies.

777 918 932 983 Iam
978 916 1397 984 luculentius
1443 922 1761 1003 apparet,
1808 916 2157 1003 quomodo
2217 914 2403 983 inter
2441 936 2517 983 se
2564 915 2911 987 differant

567 1044 776 1112 prosa
823 1024 1048 1090 oratio
1089 1030 1300 1111 atque
1334 1022 1592 1111 poesis:
1643 1022 2054 1109 cognovisse
2087 1022 2227 1089 iam
2252 1024 2639 1091 Homerum
2670 1024 2911 1091 memi-

565 1130 735 1199 nisti
765 1132 1058 1198 verbum
1089 1129 1378 1197 finitum
1405 1124 1729 1216 ἄρχεσθαι
1760 1129 1835 1193 in
1880 1129 2351 1197 locutionibus
2375 1129 2564 1198 sicut
2593 1119 2729 1219 ἦρχ’
2757 1122 2907 1217 ἆγο-

567 1238 792 1325 ρεύειν,
841 1237 1222 1305 exhibebat
1243 1246 1613 1325 'nunquam
1656 1238 1797 1303 tale
1845 1236 2012 1324 quid
2042 1236 2465 1322 Herodotus,
2510 1237 2910 1303 admittitur

565 1346 794 1413 denuo
843 1345 1134 1411 verbum
1179 1344 1468 1409 finitum
1516 1343 1591 1409 in
1622 1342 2121 1430 Xenophonte.
2192 1344 2387 1429 Ergo
2420 1344 2644 1411 oratio
2678 1343 2907 1411 soluta

565 1451 639 1515 in
685 1451 1164 1539 Xenophonte
1210 1450 1436 1538 primo
1485 1449 1897 1537 assequitur,
1958 1450 2144 1537 quod
2191 1450 2311 1516 diu
2356 1448 2499 1519 iam
2545 1451 2907 1539 proprium

565 1565 718 1624 erat
762 1558 1010 1647 poesis.
2635 1580 2638 1583 ·

779 1664 1098 1751 Denique
1145 1664 1412 1732 maiore
1457 1662 1739 1730 dicendi
1780 1662 2069 1729 licentia
2116 1662 2520 1751 Xenophon
2564 1664 2789 1731 utitur
2834 1664 2910 1731 in

563 1772 939 1859 postremis
1018 1770 1298 1857 quidem
1375 1768 1657 1857 scriptis
1734 1792 1945 1857 quam
2020 1769 2123 1838 illi
2202 1770 2319 1857 qui
2396 1772 2911 1839 antecedebant

565 1876 1014 1945 historiarum
1063 1878 1456 1965 scriptores,
2806 1935 2812 1945 .

777 1984 872 2051 Et
945 1986 1080 2051 hoc
1157 1985 1388 2071 ipsum
1463 1982 1749 2051 maioris
1818 1982 2143 2049 licentiae
2212 1983 2521 2053 studium
2598 2006 2757 2051 cum
2838 1984 2907 2050 id

563 2093 866 2160 maxime
915 2098 1130 2175 curet,
1193 2098 1275 2156 ut
1321 2112 1532 2177 quam
1579 2089 2031 2156 brevissimae
2078 2090 2313 2159 adsint
2372 2090 2835 2176 inductiones,
2859 2096 2910 2175 1)

563 2200 899 2268 transitus
931 2198 1104 2265 mihi
1150 2198 1358 2263 datur
1405 2198 1492 2263 ad
1539 2196 2063 2284 disputandum,
2108 2219 2249 2283 quo
2296 2199 2529 2265 studio
2575 2197 2909 2285 loq-uendi

562 2306 1088 2396 simplicitatem
1119 2304 1526 2392 Xenophon
1557 2302 2016 2391 appetiverit:
2060 2312 2135 2370 et
2162 2305 2445 2391 quidem
2476 2305 2609 2371 hoc
2642 2312 2910 2393 postre-

563 2436 754 2481 mum
787 2411 1094 2479 studium
1128 2434 1346 2499 grave
1379 2418 1484 2477 est
1514 2421 1588 2477 et
1618 2410 1941 2497 inprimis
1972 2410 2476 2499 Xenophontis
2519 2412 2905 2501 proprium.

565 2522 763 2601 Quod
795 2541 938 2586 non
969 2519 1177 2585 modo
1225 2540 1311 2584 ex
1358 2516 1498 2583 illis
1532 2516 1768 2583 verbis·
1798 2526 2114 2605 apparet,
2164 2540 2620 2605 quaevocem
2652 2518 2907 2586 descri-

563 2630 740 2695 bunt
785 2628 896 2694 vel
927 2640 1288 2693 'summam
1336 2623 1675 2691 orationis
1722 2624 2343 2711 comprehendunt,
2387 2626 2513 2694 sed
2552 2626 2772 2699 etiam
2820 2649 2907 2691 ex

564 2735 717 2802 aliis
761 2734 1073 2800 vocibus.
1167 2732 1271 2797 De
1317 2730 1574 2818 quibus
1618 2753 1810 2797 nunc
1852 2753 2084 2817 agam.

774 2841 928 2907 Iam
988 2838 1063 2905 in
1093 2836 1408 2905 Anabasi
1466 2836 1589 2904 illa
1650 2838 1863 2903 verba
1908 2840 2291 2921 rarescunt5
2354 2861 2534 2927 quae
2584 2861 2625 2904 a
2670 2839 2907 2905 radice

561 2950 700 3035 λεγ-
744 2946 1060 3013 derivata
1107 2945 1181 3011 in
1223 2944 1586 3011 Herodoto
1637 2944 1917 3031 quidem
1966 2953 2036 3009 et
2079 2944 2154 3011 in
2186 2944 2597 3033 Thucydide
2628 2947 2909 3034 saepius

563 3054 1114 3143 usurpabantur:
1163 3073 1370 3118 voces
1407 3050 1586 3135 dico,
1622 3071 1801 3139 quae
1832 3058 1997 3119 sunt
2034 3050 2262 3130 ἔλεξεν,
2298 3050 2526 3140 ἔλεγεν,
2566 3054 2777 3139 Myon
2808 3054 2905 3121 cf.

563 3163 894 3229 tabellam
925 3160 1020 3225 ΙΙ.
1092 3158 1226 3225 Sed
1276 3158 1489 3223 etiam
1539 3157 1768 3225 minus
1815 3156 1947 3227 hae
1996 3159 2252 3226 adsunt
2296 3159 2371 3225 in
2404 3160 2905 3247 posterioribus

561 3268 860 3356 scriptis,
907 3265 1281 3355 praecipue
1329 3264 1402 3329 in
1450 3264 1769 3351 dialogis.
1842 3264 2283 3350 Quamquam
2327 3265 2680 3333 diversum
2728 3268 2910 3333 acci-

562 3376 669 3464 pit
700 3398 900 3441 usum
930 3374 1006 3439 in
1035 3371 1336 3458 dialogis
1365 3371 1915 3457 unumquodque
1947 3371 2259 3439 verbum.
2324 3372 2691 3459 Nusquam
2717 3374 2905 3441 enim

562 3504 770 3549 voces
802 3480 1010 3567 ἔλεγεν
1041 3486 1112 3543 et
1143 3479 1313 3563 λέγει
1345 3478 1420 3543 in
1452 3477 1751 3563 dialogis
1796 3478 2279 3563 inveniuntur,
2298 3484 2349 3561 ²)
2398 3487 2645 3545 contra
2676 3502 2909 3547 serva-

563 3596 676 3656 tur
725 3587 1044 3676 quamvis
1090 3583 1333 3675 paucis
1381 3583 1551 3651 locis
1599 3584 1796 3651 verbi
1844 3582 2046 3664 ἔλεξεν
2093 3608 2273 3654 usus‚
2366 3586 2589 3653 Porro
2636 3587 2725 3651 ad
2776 3586 2907 3656 hoc

563 3696 907 3775 attendas,
971 3693 1156 3779 quod
1205 3690 1570 3757 Hellenica
1631 3698 1785 3758 tota
1834 3716 1905 3757 se
1954 3692 2310 3759 abstinent
2372 3714 2412 3759 a
2474 3714 2646 3758 voce
2700 3694 2905 3780 λέγειε

777 3852 830 3923 1)
870 3852 1113 3907 Scilicet
1165 3848 1486 3905 exhibetur
1535 3868 1643 3922 pro
1695 3850 1968 3923 longiore
2019 3850 2125 3905 illa
2177 3849 2525 3907 inductione
2569 3850 2763 3927 ἤρχετο
2804 3857 2909 3909 τῶν

560 3940 739 4015 λόγων
788 3944 850 3996 in
905 3940 1238 3995 Hellenicis
1295 3946 1406 3993 etc.
1463 3939 1661 3994 solum
1726 3940 1932 4013 ἤρχετο,
1985 3956 2092 4012 pro
2151 3939 2434 4012 ὕπολαμὺν
2489 3944 2595 4015 ἔφη
2650 3943 2905 4015 simplex

563 4032 812 4103 ὗπέλαβε,
849 4046 960 4102 pro
999 4020 1306 4102 ἐρχόμενος
1343 4026 1452 4099 ἔφη
1488 4026 1747 4099 simplex
1789 4028 1998 4102 ἤρχετο.

775 4124 832 4191 2)
869 4119 941 4173 In
982 4117 1380 4173 Oeconomico
1431 4116 1561 4172 solo
1611 4116 1861 4173 verbum
1912 4119 2064 4190 λέγει
2120 4126 2481 4190 usurpatur:
2536 4137 2656 4187 qua
2710 4136 2777 4174 re
2831 4118 2905 4173 ad

559 4210 752 4281 prima
788 4206 1215 4278 Xenophontis
1256 4220 1436 4275 opera
1474 4204 1573 4258 hic
1612 4204 1889 4278 dialogus
1929 4206 2126 4262 denuo
2164 4207 2443 4262 admotus
2482 4208 2741 4263 videtur.
