3200 4959
1389 242 1789 309 ...67-

632 437 884 525 Itaque
929 458 1086 505 eam
1133 436 1324 503 viam
1355 436 1705 505 Diodorus
1736 438 1923 523 terit,
1972 460 2182 525 quam
2216 438 2512 527 ingressi
2558 446 2760 505 erant

426 544 664 610 Attici.
760 546 912 624 Quo
961 544 1310 633 pertinere
1360 544 1687 611 videntur
1744 545 2184 612 inductiones
2244 567 2517 634 quoque
2580 568 2758 635 quae

421 660 583 717 sunt
631 652 928 741 διελέχθη
973 651 1086 717 III
1132 652 1238 736 42,
1265 653 1306 717 2
1355 658 1426 717 et
1456 646 1687 742 ἤρξατο
1717 650 1905 717 XIII
1937 653 2043 737 92,
2070 654 2144 735 3;
2192 673 2401 741 porro
2434 653 2759 741 frequens

422 758 720 825 fortasse
779 758 1094 845 genetivi
1153 757 1460 825 absoluti
1517 780 1714 825 usus:
1736 765 1788 845 ¹)
1845 759 1939 825 cf.
1987 758 2284 838 εἰπόντος
2339 760 2489 826 XII
2554 762 2657 845 19,
2682 762 2759 845 23

419 864 560 931 XV
604 865 713 949 8¹7,
739 866 812 947 63
863 862 1316 953 ἐπερωτῶντος
1359 864 1501 931 XV
1548 866 1611 949 6,
1635 867 1713 948 43
1761 864 1977 933 XVII
2030 868 2176 952 117,
2204 868 2277 950 43
2327 864 2764 957 ἐρωτήσαντος

417 971 558 1039 XV
603 972 668 1055 6,
693 973 756 1040 6.

632 1077 768 1145 Sed
815 1080 1038 1145 multa
1087 1076 1225 1144 alia.
1269 1079 1605 1166 leguntur
1648 1079 1722 1144 in
1769 1078 2100 1164 Diodor0,
2163 1103 2341 1167 quae
2404 1080 2493 1146 ab
2542 1080 2761 1147 attico

417 1208 545 1251 usu
592 1185 995 1253 abhorrent.

633 1292 935 1359 Omittas
995 1292 1204 1377 illud,
1259 1294 1447 1381 quod
1511 1316 1739 1381 neque
1802 1293 2097 1361 iteratur
2156 1294 2471 1361 inductio
2532 1316 2757 1381 neque

419 1400 848 1488 duplicatur3
930 1400 1215 1487 gravius
1292 1408 1430 1483 est,
1509 1401 1696 1488 quod
1774 1400 2095 1467 omnibus
2167 1402 2411 1467 ceteris
2482 1402 2759 1467 dicendi

420 1506 778 1573 vocabulis
823 1507 1230 1595 longissime
1277 1508 1639 1574 antecellit
1669 1508 2091 1576 vocabulum
2124 1506 2337 1575 εἶπενε
2386 1516 2762 1597 usurpatur

419 1614 602 1679 enim
665 1613 838 1680 haec
886 1637 1025 1681 vox
1079 1616 1160 1681 19
1207 1614 1397 1698 lociS,
1461 1622 1706 1679 contra
1754 1612 1879 1704 ἔφη
1940 1616 2149 1680 semel
2212 1622 2511 1681 tantum.
2604 1616 2758 1681 Iam

419 1742 582 1787 vero
645 1721 780 1787 hoc
841 1723 1266 1788 monendum
1329 1721 1642 1786 videtur:
1714 1720 2051 1809 dialogi
2112 1722 2417 1787 maxime
2477 1723 2760 1811 propria

421 1837 570 1893 erat
616 1850 758 1894 vox
807 1824 934 1917 ἔφη
981 1830 1164 1917 apud
1213 1828 1524 1909 Attio-053
1575 1850 1710 1915 qua
1759 1850 1833 1893 re
1882 1849 2025 1893 non
2072 1826 2321 1894 mirum
2356 1828 2488 1895 hoc
2538 1829 2759 1895 videri

421 1944 672 2021 potest,
721 1936 907 2021 quod
955 1958 1036 1999 ea
1083 1934 1374 2003 rarescit
1419 1935 1493 1999 in
1524 1934 1817 2001 Diodori
1849 1934 2176 2019 historiis,
2224 1936 2345 2001 ubi
2390 1936 2567 2001 nulli
2613 1936 2757 2001 fere

421 2039 842 2120 exhibentur
887 2063 1238 2108 sermones
1285 2041 1557 2107 alterni.
1638 2044 1980 2107 Attamen
2014 2041 2189 2107 haec
2223 2043 2583 2109 excusatio
2617 2064 2756 2109 nou

421 2148 628 2213 valet.
723 2148 788 2212 N
793 2170 906 2215 am
966 2148 1160 2213 verbi
1220 2144 1401 2215 εἶπεν
1459 2169 1663 2212 usum
1722 2148 1842 2212 ubi
1903 2147 2281 2235 perspicio,
2353 2149 2755 2236 saepissime

419 2253 602 2319 hanc
664 2276 910 2320 vocem
971 2254 1342 2321 admissam
1402 2253 1643 2337 vide0,
1708 2262 1785 2319 ut
1846 2254 2061 2319 etiam
2124 2252 2390 2341 dialogi
2454 2256 2755 2343 aliquem

420 2382 809 2427 sermonem
841 2361 1160 2428 inducat:
1210 2361 1374 2428 '7¹⁶¹ss
1420 2360 1531 2427 XI
1563 2363 1626 2445 6,
1652 2360 1726 2443 2;
1774 2360 1913 2427 XV
1944 2360 2053 2445 87,
2080 2361 2155 2443 23
2204 2360 2421 2428 XVII
2452 2363 2515 2447 4,
2541 2363 2586 2427 8
2624 2360 2753 2428 etcss

634 2486 880 2573 quue
947 2487 1176 2574 magis
1245 2486 1418 2552 11666
1481 2507 1621 2551 vox
1684 2484 1867 2552 εἶπεν
1924 2486 2291 2573 praevalet
2358 2494 2428 2551 et
2488 2494 2759 2573 regnat,

422 2593 584 2680 quia.
633 2614 913 2681 prorsus
960 2594 1229 2660 deletae
1289 2602 1452 2658 sunt
1501 2593 1664 2658 illae
1711 2615 1918 2659 voces
1980 2616 2157 2679 quae
2224 2616 2264 2658 6
2326 2595 2559 2659 radice
2620 2596 2759 2681 λεγ-

421 2700 860 2767 derivantur:
911 2700 1140 2787 ἔλεγεν,
1190 2699 1410 2779 ἔλεξεν,
1459 2702 1630 2785 λέγει
1647 2704 1721 2784 2).

633 2826 780 2891 Nec
829 2848 992 2891 vero
1042 2825 1234 2891 illam
1281 2823 1807 2912 simplicitatem
1854 2824 2150 2909 dicendi,
2219 2846 2429 2912 qua-m
2476 2824 2757 2890 exhibe-

423 2934 542 2998 bat
588 2932 916 2999 Timaeus
962 2930 1076 2997 vel
1122 2930 1581 3019 Phylarchus,
1631 2930 1979 2998 Diodorus
2026 2931 2337 2999 retinuit.

639 3112 690 3179 1)
729 3110 854 3165 Nec
891 3116 1091 3166 tamen
1125 3110 1288 3165 hunc
1337 3126 1517 3165 usum
1569 3108 1645 3164 ad
1696 3110 1896 3181 ipsum
1946 3110 2409 3182 Xenophontem
2461 3112 2761 3182 pertinere

425 3217 530 3272 pro
570 3206 733 3255 certo
772 3199 983 3267 utique
1020 3199 1274 3269 habeas3
1325 3200 1442 3255 hoc
1491 3197 1623 3253 fere
1673 3197 1992 3253 dicendum
2031 3206 2193 3254 erat:
2248 3201 2547 3271 respicere
2598 3199 2760 3255 hunc

421 3306 603 3345 usum
659 3288 736 3344 ad
790 3304 1128 3344 sermonem
1179 3289 1468 3357 aliquem,
1527 3288 1632 3355 qui
1688 3292 1819 3342 arte
1873 3287 2135 3355 quadam
2191 3288 2431 3343 exculta
2487 3288 2759 3361 singulas

424 3380 710 3437 conexuit
745 3379 1095 3433 sententias.

637 3487 692 3555 2)
729 3485 900 3541 Haec
935 3501 1032 3540 res
1071 3516 1137 3525 —
1178 3484 1336 3551 quod
1389 3484 1611 3539 desunt
1660 3487 1856 3558 ἔλεγεν
1906 3493 2016 3541 etc.
2057 3518 2122 3527 --
2162 3486 2421 3541 alicuius
2474 3486 2761 3542 momenti

425 3576 684 3633 videtur.
755 3576 912 3630 Nam
949 3576 1014 3629 in
1065 3573 1262 3629 lucem
1307 3572 1418 3629 hac
1463 3590 1528 3628 re
1580 3572 1857 3644 effertur,
1910 3591 2027 3642 que.
2068 3576 2173 3629 via
2211 3577 2577 3647 processerit
2624 3576 2763 3631 inde

425 3667 498 3722 ab
535 3666 940 3737 Xenophonte
976 3662 1198 3719 atticae
1232 3661 1527 3718 historiae
1561 3678 1756 3735 genus
1794 3662 2050 3718 dicendi.
2122 3662 2447 3736 Polybium
2472 3666 2761 3738 respicias

426 3756 786 3821 illorumque
821 3754 1252 3811 historicorum
1287 3751 1645 3825 fragments,
1685 3751 1759 3807 de
1794 3751 2017 3819 quibus
2054 3770 2243 3824 supra
2266 3753 2425 3809 dixi:
2463 3768 2761 3821 nusquam

427 3845 700 3901 invenies
755 3843 906 3899 talia
960 3842 1146 3899 verba
1182 3847 1255 3897 ut
1290 3844 1464 3913 λέγει,
1519 3840 1721 3911 ἔλεξεν,
1779 3842 1991 3913 ἔλεγεν.
2077 3840 2249 3897 Adde
2304 3842 2464 3911 quod
2521 3843 2641 3895 iam
2699 3843 2764 3896 in

427 3932 849 4005 Xenophontis
886 3931 1220 3988 Hellenicis
1261 3932 1612 3988 oblitterata.
1649 3936 1777 3985 erat
1812 3948 1935 3985 vox
1972 3933 2144 4003 λέγει.
2218 3930 2345 3985 16111
2382 3930 2498 3985 1166
2536 3930 2765 3985 elucet:

427 4023 754 4095 perfecisse
791 4021 994 4089 aliquo
1033 4021 1211 4076 modo
1237 4018 1632 4076 Alexandrini
1669 4018 1957 4093 temporis
1997 4018 2287 4073 historias
2328 4035 2463 4073 eum
2502 4018 2579 4073 ad
2617 4021 2757 4073 sim-

427 4112 760 4185 plicitatem
785 4126 1191 4185 progressum,
1231 4110 1336 4181 qui
1362 4108 1570 4165 aderat
1596 4108 1719 4164 iam
1742 4108 1807 4163 in
1832 4107 2255 4179 Xenophontis
2283 4112 2463 4175 atque
2488 4108 2762 4165 Platonis

429 4202 692 4275 scriptis.
