3200 4959
1481 325 1881 391 -70-

512 522 841 613 propensi
910 528 1074 589 sunt
1142 521 1230 587 ad
1301 519 1943 609 interpositionem:
2015 542 2152 607 quo
2222 519 2489 586 factum
2562 528 2700 605 est,
2768 526 2853 587 ut

510 629 944 718 frequentius
1005 627 1283 695 dicendi
1345 626 1723 715 participia
1772 626 2073 693 orationi
2132 627 2609 715 interponant.
2693 628 2848 695 Iam

512 739 697 825 apud
747 736 1028 803 Livium
1075 734 1249 800 talia
1297 733 1785 800 inveniuntur:
1857 734 1959 799 VI
2004 735 2068 817 8,
2099 736 2171 815 13
2243 733 2354 800 IX
2400 734 2507 818 24,
2534 738 2609 801 9:
2670 736 2850 821 „cla-

511 844 902 923 mantem“;
975 840 1409 928 frequentius
1469 840 1643 907 talia
1705 840 1961 907 adsunt
2020 841 2095 906 in
2154 840 2383 929 poetis
2444 841 2535 907 cf.
2598 842 2847 909 Horat.

509 958 638 1017 sat.
700 949 773 1014 11
821 950 1003 1033 2,16
1069 949 1590 1035 „narrantem“;
1664 947 1736 1013 H
1796 948 2023 1031 3‚283
2076 948 2455 1033 „addens“;
2526 948 2601 1014 II
2660 951 2724 1032 3,
2758 950 2845 1017 62

515 1056 1088 1144 „clamantibus“.

725 1181 962 1247 Etiam
1008 1179 1448 1245 manifestius
1481 1201 1647 1245 vero
1680 1179 2094 1246 Latinorum
2127 1180 2621 1247 auctoritatem
2656 1180 2844 1247 aliud

509 1312 676 1376 prae
721 1311 796 1353 se
853 1287 994 1355 fert
1053 1286 1538 1353 inductionum
1601 1309 1843 1373 genus.
1936 1287 2172 1352 Habet
2231 1286 2417 1352 enim
2463 1286 2847 1375 Dionysius

507 1396 612 1461 IV
659 1398 740 1462 71
789 1387 1203 1474 ὑποτίθεται,
1252 1394 1393 1459 VII
1445 1395 1524 1461 16
1571 1388 1889 1483 ὑποφέρει
1910 1398 1977 1479 1).
2056 1394 2209 1461 Iam
2257 1394 2657 1461 Herodotus
2704 1397 2847 1461 tale

509 1503 676 1591 quid
723 1502 943 1586 novit,
992 1502 1112 1568 sed
1161 1500 1430 1569 addidit
1475 1524 1747 1589 semper
1794 1502 1882 1567 ad
1931 1524 2177 1568 vocem
2216 1507 2581 1590 προσέφερε
2624 1501 2843 1569 verba

509 1610 680 1676 talia
725 1619 807 1677 ut
849 1609 1039 1696 λόγον
1083 1608 1330 1675 τοιόνδε
1373 1609 1486 1675 III
1538 1610 1699 1692 1343
1748 1610 1813 1673 V
1858 1610 1977 1692 303
2026 1608 2206 1675 VIII
2258 1610 2402 1677 100.
2484 1610 2629 1675 Nec
2678 1608 2849 1675 alibi

507 1717 581 1783 in
629 1717 880 1783 litteris
940 1717 1214 1803 graecis
1269 1716 1671 1783 huiusmodi
1731 1716 1971 1782 inveni
2028 1716 2418 1783 locutiones
2479 1716 2614 1783 nisi
2678 1739 2851 1804 pau-

507 1824 800 1891 cissimis
845 1830 1123 1889 tantum
1170 1822 1430 1906 locis‚²)
1507 1823 2025 1890 Usitatissimae
2062 1846 2228 1889 vero
2279 1822 2453 1889 tales
2500 1824 2847 1889 formulae

511 1933 695 2020 apud
761 1931 1054 1997 Latinos
1101 1938 1296 2013 sunt;
1369 1930 1663 2015 accedit,
1725 1932 1911 2018 quod
1956 1954 2165 2019 saepe
2210 1930 2595 1998 variantur.
2691 1932 2851 1997 Hoc

507 2040 650 2104 iam
698 2062 782 2104 ex
831 2037 1076 2126 paucis
1121 2036 1228 2103 his
1277 2037 1582 2103 numeris
1630 2036 1963 2103 elucebit:
2034 2037 2250 2103 habet
2294 2036 2519 2105 Varro
2568 2038 2651 2103 de
2698 2036 2849 2105 reb.

507 2154 678 2212 rust.
731 2144 1099 2233 „suscipit“
1150 2146 1186 2211 I
1233 2145 1440 2228 2,24;
1481 2146 1604 2229 23,
1635 2146 1706 2225 1;
1767 2143 1843 2210 ΙΙ
1894 2146 2141 2229 11,11;
2210 2144 2545 2231 „subicit“
2596 2144 2632 2211 Ι
2682 2146 2849 2228 7,2;

510 2253 749 2319 Cicero
799 2253 882 2317 de
933 2259 1107 2317 orat.
1156 2252 1230 2317 II
1275 2254 1338 2333 6,
1373 2252 1462 2317 24
1513 2251 1873 2337 „addidi“;
1925 2252 2129 2319 Corn.
2180 2252 2354 2339 Nep.
2404 2250 2669 2317 XXIII
2716 2254 2851 2333 2,2

513 2358 947 2443 „adiunxit“;
998 2358 1239 2424 Livius
1271 2359 1306 2424 I
1338 2360 1400 2439 7,
1427 2359 1501 2440 2;
1550 2357 1625 2421 X
1672 2358 1835 2440 9,5;
1884 2358 2288 2424 XXXVIII
2326 2360 2413 2423 53
2466 2358 2845 2445 „adiecit“;

501 2465 792 2529 XXXV
833 2466 934 2550 14,
965 2467 1044 2530 11
1085 2464 1498 2550 „subiecit“:
1534 2486 1740 2552 quem
1774 2487 1975 2531 usum
2008 2475 2395 2552 sequuntur
2425 2466 2847 2555 posteriores

497 2572 892 2660 scriptores,

495 2752 673 2805 modo
711 2750 963 2805 verbum
1003 2750 1267 2819 „inquit“
1308 2766 1615 2823 semper
1664 2752 2059 2823 interponunt
2113 2750 2220 2805 sed
2274 2750 2456 2805 etiam
2508 2751 2842 2806 orationem
2936 2800 2947 2809 .

497 2845 624 2893 tam
663 2844 794 2893 arte
831 2856 1261 2906 nonnunquam
1301 2856 1438 2893 cum
1488 2841 1831 2895 narratione
1875 2844 2216 2908 conectunt,
2270 2845 2341 2893 ut
2391 2839 2468 2894 ad
2521 2840 2651 2895 eius
2704 2857 2843 2895 con-

495 2928 892 2983 structionem
949 2929 1142 2983 oratio
1199 2929 1332 2999 ipsa
1387 2935 1772 2983 annectatur:
1828 2928 1906 2983 cf.
1964 2928 2289 3001 Apuleium
2346 2928 2433 2983 ed.
2486 2947 2541 2985 v.
2581 2928 2635 2983 d.
2674 2928 2842 2983 Vliet

493 3035 547 3089 p.
586 3018 707 3085 243,
728 3017 828 3072 28:
867 3032 1010 3085 „nec
1047 3016 1235 3071 latius
1276 3034 1311 3071 a
1349 3034 1416 3071 se
1453 3016 1760 3072 discedere
1802 3034 2020 3089 passus
2060 3024 2157 3073 est
2192 3018 2599 3089 (priusquam)
2638 3018 2839 3085 inquit

491 3106 514 3177 <
555 3146 566 3159 .
605 3148 616 3161 .
658 3147 670 3161 .
714 3106 767 3177 .).
841 3105 1038 3159 Simili
1091 3104 1268 3160 modo
1319 3124 1442 3162 vox
1499 3108 1628 3175 „et“
1682 3108 1942 3162 orationi
1998 3104 2300 3161 antecedit
2358 3124 2608 3173 eamque
2662 3108 2838 3173 quasi

491 3195 807 3267 coniungit
854 3212 990 3249 cum
1027 3196 1373 3251 narratione
1423 3196 1539 3249 iam
1591 3196 1656 3249 in
1694 3194 1816 3251 Cic.
1868 3195 1955 3249 de.
1996 3213 2079 3250 or.
2118 3194 2179 3249 II
2219 3197 2317 3264 333
2370 3194 2447 3249 cf.
2486 3194 2653 3251 Ourt.
2688 3194 2836 3250 Rus.

493 3286 763 3352 „itaque“
815 3282 909 3337 III
934 3286 982 3351 6,
1007 3284 1102 3351 123
1141 3282 1226 3337 IV
1253 3284 1385 3354 2‚5;
1426 3282 1476 3336 V
1501 3286 1636 3353 9‚9;
1690 3286 1817 3355 „et“
1857 3284 1911 3339 V
1937 3286 1985 3353 2,
2008 3286 2095 3339 20.
2168 3282 2351 3340 Hunc
2388 3283 2590 3356 ipsum
2636 3301 2835 3353 usum,

490 3376 560 3426 ut
620 3373 885 3427 orationi
937 3370 1254 3427 antecedat
1315 3376 1436 3442 καὶ,
1501 3372 1921 3445 interponatur
1969 3372 2223 3427 verbum
2285 3372 2609 3442 inducens,
2675 3372 2837 3443 apud

493 3460 752 3516 Graecos
791 3461 853 3514 in
891 3461 1170 3531 Appiano
1207 3462 1402 3533 primo
1441 3462 1647 3516 inveni
1685 3460 1741 3515 d.
1780 3460 1832 3516 b.
1874 3462 1987 3516 civ.
2027 3460 2087 3517 ΙΙ
2124 3464 2257 3539 1303
2299 3460 2382 3516 IV
2409 3462 2493 3531 22,
2532 3478 2835 3528 nusquam

498 3556 696 3603 antea.

704 3656 756 3724 l)
795 3654 1026 3710 Similis
1077 3655 1265 3725 adest,
1316 3656 1486 3711 locus
1537 3656 1624 3711 VI
1660 3660 1760 3713 66:
1816 3660 1967 3719 τέλος
2018 3653 2437 3729 ἐξήνεγκαν
2490 3664 2584 3729 τῆς
2634 3658 2838 3712 ἑαυτοῦ

491 3740 719 3817 γνώμης
757 3739 985 3801 τοιόνδε.

701 3853 756 3921 2)
797 3850 1000 3907 Unum
1056 3859 1292 3908 tantum
1348 3854 1549 3910 locum
1604 3856 1841 3923 inveni,
1906 3855 2009 3921 qui
2071 3853 2146 3908 ad
2203 3854 2514 3921 antiquius
2571 3852 2835 3925 pertinet

485 3947 724 4013 tempus
751 3940 1014 3996 Maccab.
1035 3940 1135 3996 III
1163 3945 1211 4012 5,
1234 3946 1331 4012 393
1370 3943 1617 4015 paululo
1644 3944 1847 4015 plures
1874 3950 2085 4015 postea
2110 3944 2534 3998 inveniuntur:
2572 3942 2830 4014 Appian.

485 4030 540 4085 d.
575 4030 711 4085 bell.
749 4031 862 4085 civ.
888 4029 952 4085 II
976 4032 1040 4085 31
1086 4030 1369 4100 §nattam
1408 4030 1682 4104 Xenoph.
1722 4030 1939 4105 Ephes.
1968 4032 1998 4086 1
2024 4034 2111 4087 29.
2174 4035 2550 4105 apos-&wan
2608 4031 2831 4089 Achill.

485 4119 614 4174 Ταῦ.
646 4125 966 4191 προσετίθει
1003 4120 1055 4175 V
1081 4122 1161 4190 10,
1183 4121 1245 4189 2;
1289 4122 1369 4187 12,
1394 4124 1454 4189 1;
1497 4121 1617 4176 VII
1640 4126 1721 4192 11,
1742 4126 1805 4191 5;
1844 4128 2185 4195 προσετίθην
2219 4122 2349 4193 115,
2374 4124 2435 4193 23
2476 4126 2831 4196 προσέθηκεν

484 4206 634 4263 VIII
675 4211 756 4278 17,
778 4211 826 4263 8.
902 4208 1118 4277 Itaque
1157 4210 1340 4265 unius
1379 4209 1548 4264 verbi
1586 4212 1864 4283 angustis
1904 4214 2183 4269 terminis
2223 4211 2383 4269 hunc
2434 4228 2615 4267 usum
2667 4212 2831 4285 apud

496 4296 758 4353 Graecos
801 4297 1324 4371 circumscriptum
1359 4298 1653 4357 videmus·
