3200 4959
1509 328 1908 395 ...53-

529 548 758 592 merus
803 524 1111 592 habebat
1171 526 1244 590 in
1305 525 1745 613 abruptionis
1792 524 2111 593 formulis
2158 513 2197 613 ἦ
2239 526 2349 591 καὶ
2382 576 2395 591 .
2432 564 2448 594 -.
2486 576 2501 590 .
2551 526 2665 591 vel
2710 514 2747 615 ἦ
2792 518 2883 613 ρᾶ

529 638 639 699 καί
671 683 687 698 .
725 684 740 699 .
777 683 793 698 .
841 633 923 698 Il.
965 634 1023 717 1,
1069 634 1236 716 2193
1283 632 1420 716 ΙΙΙ,
1467 632 1619 716 310,
1642 638 1691 714 ¹)
1738 654 2095 719 nunquam
2128 654 2295 700 vero
2342 632 2415 701 in
2454 632 2887 701 inductionis

521 740 878 807 formulis:
929 764 1014 807 ea
1058 746 1247 807 certe
1295 740 1379 805 de
1427 760 1659 825 causa,
1708 740 1897 827 quod
1942 747 2091 807 tam
2121 746 2449 827 parvaet
2477 740 2653 807 levis
2684 740 2884 807 vide-

529 846 738 913 batur
799 848 976 913 haec
1037 846 1378 931 formula,
1459 854 1540 912 ut
1601 869 1691 912 ne
1756 846 1911 913 aliis
1972 846 2253 933 quidem
2320 845 2575 914 additis
2644 846 2882 915 verbis

525 960 754 1020 totum
800 975 1079 1021 versum
1139 953 1350 1019 facile
1411 954 1814 1041 compleret.
1909 954 2317 1039 Eademque
2379 974 2491 1021 res
2548 954 2623 1019 in
2685 952 2881 1019 Atti-

525 1081 764 1126 corum
799 1082 1120 1126 sermone
1166 1058 1238 1125 id
1285 1058 1460 1125 mihi
1493 1059 1817 1126 effecisse
1848 1060 2147 1145 videtur,
2196 1069 2277 1125 ut
2306 1080 2579 1147 semper
2610 1060 2879 1127 addan-

524 1174 640 1232 tur
686 1167 775 1232 ad
819 1166 1114 1232 verbum
1163 1155 1202 1253 ἦ
1248 1167 1669 1254 pronomina
1716 1164 1843 1252 ἐγώ
1891 1166 2005 1231 vel
2053 1160 2161 1244 39:
2210 1188 2389 1252 quae
2436 1166 2589 1254 ipsa
2622 1188 2878 1254 prono-

520 1274 715 1340 mina
775 1280 925 1339 tam
987 1280 1136 1339 arte
1183 1273 1436 1338 deinde
1496 1296 1657 1339 cum
1723 1273 1875 1361 ipso
1937 1272 2153 1341 verbo
2196 1272 2723 1357 -ooalescebant,
2790 1282 2877 1339 ut

523 1380 663 1449 iam
732 1402 874 1447 non
941 1380 1429 1468 acciperentur
1491 1402 1620 1467 pro
1692 1380 2039 1447 subiecto:
2112 1400 2281 1467 ergo
2354 1380 2521 1447 addi.
2586 1388 2873 1469 poterat

525 1489 687 1576 Lys.
751 1488 883 1553 315
941 1509 1205 1555 novum
1268 1487 1550 1574 aliquod
1616 1487 2003 1555 subiectum
2050 1480 2209 1577 ἁνήρ
2255 1486 2459 1573 quasi
2502 1485 2563 1556 si
2608 1482 2679 1565 ὅς
2722 1508 2869 1553 non

524 1596 816 1661 adesset.
909 1594 1114 1662 Unde
1163 1594 1371 1661 facile
1420 1595 1743 1679 conicieS‚
1792 1616 2005 1681 quam
2038 1602 2242 1661 vetus
2276 1594 2397 1661 illa
2430 1594 2645 1661 fuerit
2674 1594 2871 1661 vocis

521 1691 560 1792 ἦ
605 1724 764 1768 cum
811 1702 1226 1790 pronomine
1288 1702 1711 1769 coniunctio.
1790 1702 2055 1789 'Itaque
2109 1701 2351 1767 vivida
2408 1702 2549 1769 iam
2612 1701 2733 1767 diu
2792 1702 2869 1766 in

525 1809 780 1898 populi
825 1832 946 1876 ore
993 1817 1272 1875 versata
1322 1817 1474 1875 erat
1521 1810 1695 1875 haec
1742 1809 2083 1893 formula,
2157 1832 2315 1877 cum
2370 1808 2665 1877 inseruit
2710 1830 2869 1875 eam

520 1915 1029 2004 Aristophanes
1087 1915 1234 1981 sive
1297 1915 1473 1981 alius
1516 1916 1671 2003 quis
1732 1916 2159 1983 comicorum
2209 1956 2291 1967 -—
2354 1916 2447 1982 cf.
2498 1914 2865 1984 Cratinum

519 2024 706 2111 apud
754 2022 1014 2090 Athen.
1063 2022 1196 2107 111,
1240 2023 1328 2089 94
1375 2023 1522 2087 ἒ·-
1553 2022 1689 2109 ipsi
1733 2022 2127 2089 litterarum
2174 2022 2496 2091 sermoni.
2569 2022 2867 2089 Effecit-

521 2152 655 2217 que
701 2130 909 2196 Plato
960 2130 1034 2195 in
1082 2152 1290 2217 prosa
1337 2130 1675 2215 oratione,
1724 2130 1912 2217 quod
1956 2130 2075 2195 ille
2120 2130 2193 2195 in
2240 2130 2454 2217 poesi.

730 2254 936 2322 Unde
1007 2262 1303 2342 apparet
1369 2253 1774 2342 planissime
1844 2252 2215 2320 Platonem
2287 2253 2516 2342 ipsum
2582 2274 2863 2340 quoque

515 2368 746 2428 totum
794 2382 1202 2449 suspensum
1251 2360 1463 2427 fuisse
1511 2384 1596 2427 ex
1646 2360 2016 2427 cottidiani
2056 2361 2393 2427 sermonis
2439 2359 2858 2427 imitatione.

727 2468 842 2533 Sic
903 2467 1191 2533 tandem
1249 2467 1469 2533 verba
1532 2468 1921 2555 percensui,
1988 2467 2256 2555 quibuS,
2324 2467 2440 2532 ubi
2502 2466 2861 2533 orationes

511 2575 802 2659 inducit,
849 2573 1056 2640 Plato
1102 2573 1208 2639 uti
1255 2574 1434 2639 solet
1479 2580 1551 2639 et
1612 2573 1781 2640 satis
1840 2596 1953 2641 me
2000 2574 2381 2641 ostendisse
2428 2580 2621 2661 pute,
2668 2574 2860 2639 unde

513 2690 744 2749 ortum
790 2681 1235 2769 sumpserint,
1285 2702 1463 2768 quae
1509 2681 1643 2746 hac
1689 2681 1763 2745 in
1810 2680 2175 2769 provincia
2220 2680 2538 2747 novavit.-

722 2788 874 2854 Iam
958 2810 1124 2854 vero
1194 2787 1368 2853 haec
1439 2788 1674 2853 omnia
1736 2788 1957 2853 verba
2018 2808 2401 2873 eorumque
2460 2806 2666 2853 usum
2716 2784 2860 2873 'per

511 2894 830 2983 dialogos
883 2916 1401 2983 persequamur.
1419 2898 1472 2976 ²)
1563 2894 1671 2959 De
1734 2916 1973 2961 eorum
2035 2895 2210 2960 serie
2273 2894 2511 2961 multis
2571 2892 2856 2980 quidem

509 3003 582 3067 in
627 3004 832 3069 rebus
879 2999 1302 3067 dissentiunt
1343 3000 1480 3066 viri
1525 3001 1751 3067 docti:
1802 3010 2115 3067 attamen
2163 3002 2337 3069 illud
2382 3002 2568 3066 inter
2614 3022 2855 3066 omnes

509 3116 787 3175 constat
833 3108 1088 3174 initum
1136 3106 1384 3173 fecisse
1444 3107 1793 3174 scribendi
1840 3108 2210 3175 Platonem
2276 3131 2317 3172 a
2380 3106 2681 3193 dialogis
2728 3106 2853 3173 mi.-

507 3286 564 3341 p.
587 3270 709 3337 437,
744 3266 850 3322 ubi
877 3266 938 3322 id
964 3267 1058 3323 vir
1083 3266 1475 3323 doctissimus
1496 3268 1897 3341 persequitur,
1926 3284 2076 3333 quas
2103 3266 2564 3339 depravationes
2595 3265 2855 3321 subierit

505 3356 689 3412 huius
728 3356 1026 3412 formulae
1053 3356 1222 3411 notio
1261 3372 1366 3427 per
1405 3357 1783 3412 saeculorum
1820 3354 2169 3411 decursum:
2209 3362 2268 3410 et
2306 3351 2547 3423 quidem
2578 3356 2855 3422 sequitur

505 3444 902 3501 Ludwichius
941 3446 1004 3500 in
1041 3444 1154 3500 hac
1193 3446 1547 3516 quaestione
1583 3444 2116 3519 grammaticorum
2154 3445 2519 3501 testimonia.

723 3536 776 3602 1)
815 3533 891 3589 cf.
919 3532 992 3588 B..
1019 3533 1246 3589 Schau:
1285 3534 1360 3589 de
1383 3533 1684 3604 foi-mulie,
1712 3550 1861 3601 quas
1893 3540 2107 3607 poetae
2130 3535 2345 3591 Graeci
2371 3534 2433 3589 in
2465 3532 2854 3589 conclusione

513 3624 808 3679 orationis
847 3622 1112 3679 directae
1147 3632 1499 3695 posuerunt.
1576 3624 1775 3681 Tilsit.
1820 3626 1957 3681 1890
1992 3644 2047 3697 p.
2090 3628 2155 3680 10
2192 3642 2281 3691 sq.

717 3713 775 3783 2)
809 3711 884 3769 In
916 3712 1171 3778 Platone
1207 3730 1446 3782 quoque
1481 3712 1635 3769 illud
1672 3719 1909 3769 tantum
1936 3730 2278 3787 persequor,
2316 3712 2477 3783 quod
2516 3730 2589 3767 ex
2628 3712 2851 3767 oratio-

503 3820 650 3858 num
686 3800 1038 3857 induet-ione
1075 3802 1224 3857 mihi
1253 3802 1463 3859 videor
1501 3801 1804 3860 effecisse.
1860 3802 2140 3858 Virorum
2167 3802 2481 3857 doctorum
2509 3819 2579 3857 ea
2604 3800 2851 3873 scripta,

505 3908 656 3959 quae
695 3888 769 3946 de
807 3888 1256 3946 Platonicorum
1297 3909 1544 3964 operum
1571 3884 1793 3946 ¹ordine
1829 3891 2159 3963 disputant,
2213 3909 2287 3946 ex
2325 3898 2557 3964 'magna
2608 3888 2851 3959 quidem

501 3986 674 4053 parte
701 3986 1050 4035 enumerata
1072 3980 1246 4037 vides
1267 3982 1330 4034 in
1351 3980 1607 4036 Christii
1626 3981 1970 4035 litterarum
1990 3980 2249 4037 historia
2274 3980 2363 4035 ed.
2383 3984 2416 4037 3
2434 4000 2491 4053 p.
2513 3984 2635 4037 431.
2676 3978 2849 4035 Adde

503 4086 664 4124 nunc
692 4068 872 4123 Pauli
895 4068 1126 4142 Natorp
1165 4071 1476 4142 egi-egium
1512 4086 1695 4141 opus:
1754 4069 1964 4125 Platos
2004 4069 2368 4141 Ideenlehre,
2406 4070 2569 4143 Lips.
2611 4089 2662 4126 a.
2694 4073 2849 4127 1903.

503 4157 788 4213 Ceterum
838 4156 912 4215 de
955 4160 1034 4214 iis
1080 4158 1367 4215 nimirum
1417 4158 1570 4214 solis
1613 4158 1870 4233 dialogis
1908 4160 2139 4229 loquor,
2173 4161 2283 4229 qui
2316 4160 2621 4216 narrando
2660 4160 2849 4233 expli-

504 4252 752 4322 nantum
786 4248 1006 4309 omitto
1043 4248 1201 4323 illos,
1240 4249 1344 4317 qui
1379 4246 1627 4303 fabulae
1653 4250 1849 4304 instar
1876 4266 2166 4322 personas
2190 4250 2507 4318 loquentes
2532 4248 2847 4309 inducunt..
