3200 4959
1299 354 1700 421 ...69-

331 550 556 635 λόγους
599 550 778 617 VIII
825 551 902 631 5;
961 548 1148 636 λόγον
1193 548 1488 638 διεξῆλθε
1545 549 1791 616 τοιόνδε
1836 548 1941 615 IV
1985 552 2048 634 9,
2101 551 2217 633 103
2280 549 2392 617 XI
2438 552 2501 635 9,
2548 552 2667 633 293

331 656 630 744 τοιαύτην
675 658 936 723 διέθετο
980 656 1362 744 δημηγορίαν
1405 656 1508 722 VI
1555 658 1674 739 723
1722 657 1833 721 XI
1880 658 1955 739 ¹73
2004 646 2078 746 ἦν
2122 658 2189 723 δὲ
2232 657 2313 723 τὰ
2360 658 2670 741 λεχθέντα

331 756 443 829 ὕπ’
491 756 690 829 αὐτοῦ
732 763 949 829 τοιάδε
981 764 1082 829 VI
1119 764 1240 847 833
1288 762 1522 851 ταύτην
1567 762 1793 830 ἐ’ὄοσαν
1835 762 1949 852 τὴν
1976 755 2318 852 ἀπόφασιν
2350 764 2529 829 VIII
2564 766 2666 831 10.

335 870 645 954 Accedit,
695 871 882 957 quod
927 892 1154 937 novae
1201 868 1546 936 formulae
1590 868 1666 935 in
1698 870 2039 957 Dionysio
2088 871 2441 957 leguntur,
2488 893 2668 958 quae

335 977 420 1042 ad
469 977 766 1043 eundem
815 977 1084 1043 fontem
1132 976 1478 1064 respicere
1521 977 1871 1043 videntur.

545 1103 852 1180 Quarum
902 1100 1128 1190 prima
1177 1124 1262 1166 ex
1308 1108 1509 1189 parte
1567 1108 1847 1167 tantum
1892 1101 2358 1189 suspicionem
2403 1100 2668 1167 latinae

332 1206 624 1295 originis
681 1214 936 1276 movet.
1030 1207 1215 1274 Illud
1276 1207 1460 1273 enim
1519 1207 1578 1273 si
1640 1208 1979 1291 attendis,
2042 1208 2391 1295 quomodo
2457 1207 2667 1274 inter-

330 1312 698 1401 positionis
763 1336 926 1381 usus
995 1314 1408 1401 processerit
1451 1314 1613 1380 inde
1662 1315 1753 1381 ab
1797 1315 2181 1399 Herodot0,
2228 1315 2461 1382 verbis
2520 1314 2665 1404 ἔφη,

335 1427 550 1509 φησίν,
599 1420 782 1488 εἶπεν
841 1444 998 1488 eum
1047 1421 1651 1509 circumscriptum
1712 1420 2003 1489 videbis.
2098 1422 2303 1488 Nunc
2365 1444 2529 1489 vero
2590 1424 2667 1488 in

331 1528 673 1615 Dionysio
720 1527 832 1595 hic
895 1528 1446 1616 interpositionis
1503 1550 1669 1595 usus
1730 1528 1817 1593 ad
1878 1527 2329 1617 participium
2391 1551 2665 1617 quoque

331 1634 714 1701 translatus
763 1636 1061 1702 videtur.
1154 1636 1311 1702 Hoc
1371 1634 1598 1701 tribus
1659 1634 1919 1701 accidit
1974 1635 2179 1702 locis:
2251 1642 2323 1700 et
2384 1636 2666 1722 quidem

333 1765 474 1809 non
521 1742 623 1809 ita
671 1743 886 1809 alieni
931 1742 1260 1809 videntur
1305 1744 1394 1807 ab
1439 1742 1841 1809 Atticorum
1888 1764 2143 1828 genere
2204 1742 2480 1809 dicendi
2527 1744 2666 1812 duo

332 1850 471 1916 loci
527 1850 632 1915 VI
682 1852 762 1916 19
817 1856 889 1915 et
935 1850 1076 1915 VII
1122 1851 1229 1916 25.
1322 1850 1885 1915 Praemittuntur
1948 1849 2133 1915 enim
2196 1850 2497 1917 orationi
2558 1850 2667 1917 his

331 1956 502 2023 locis
551 1956 765 2023 verba
813 1957 1070 2043 aliqua,
1138 1978 1319 2043 quae
1380 1956 1546 2044 quid
1608 1956 1741 2022 sibi
1800 1955 1973 2023 velit
2010 1963 2271 2023 orator
2328 1957 2664 2042 indicant,

332 2063 584 2129 deinde
633 2064 1107 2152 interponitur
1167 2063 1468 2131 orationi
1539 2062 1995 2151 participium
2062 2064 2297 2150 λέγωνε
2369 2066 2460 2130 cf.
2526 2064 2667 2131 VII

331 2172 420 2237 25
469 2222 482 2237 .
537 2222 550 2237 .
605 2223 616 2236 .
668 2164 703 2236 ὃ
733 2170 1022 2257 Μάρκιος
1067 2164 1541 2259 αὐθαδέστερον
1585 2164 1700 2259 ἤδη
1744 2160 2125 2259 καθήπτετο
2168 2180 2299 2237 τῶν
2344 2170 2675 2259 ἆημάρχων

333 2278 444 2344 καὶ
489 2277 888 2365 θρασύτερον
949 2276 995 2364 <.
1031 2328 1047 2342 .
1083 2327 1098 2342 .
1134 2277 1181 2365 .>
1240 2278 1439 2364 λέγων
1485 2278 1532 2365 (.
1568 2324 1584 2342 .
1620 2327 1637 2343 .
1673 2277 1757 2365 .>;
1826 2296 1995 2362 ergo
2042 2274 2178 2344 hoc
2222 2277 2673 2366 participium

337 2406 481 2450 non
527 2407 654 2472 pro
704 2406 869 2450 vera
917 2382 1320 2450 inductione
1369 2383 1581 2468 valet,
1638 2384 1761 2449 sed
1806 2384 2103 2450 eundem
2166 2384 2313 2450 fere
2374 2393 2676 2474 occupat

340 2491 608 2575 locum,
687 2513 893 2579 quem
967 2490 1369 2557 Atticorum
1446 2491 1620 2557 illud
1698 2489 1855 2580 ἔφη,
1931 2491 2118 2578 quod
2194 2491 2672 2559 inductionem

334 2598 764 2685 geminabat,
829 2604 899 2663 et
959 2597 1302 2664 translata
1348 2605 1629 2664 tantum
1690 2598 1972 2665 videtur
2015 2598 2417 2665 Atticorum
2462 2598 2673 2665 inter-

333 2705 588 2793 positio
639 2706 724 2771 ad
773 2728 932 2771 eum
979 2726 1202 2789 usum,
1251 2727 1387 2793 quo
1437 2704 1743 2771 addebat
1772 2706 2172 2771 Herodotus
2218 2706 2672 2793 participium

224 2814 232 2823 ‘
333 2814 533 2898 λέγων
579 2814 661 2877 ad
716 2812 950 2877 omnia
1001 2810 1144 2877 fere
1193 2812 1408 2878 verba
1450 2811 1729 2899 longius
1776 2818 2078 2877 remota:
2127 2803 2429 2897 ἀμείβετο
2474 2810 2673 2897 λέγων

333 2918 609 2985 similia.
705 2918 966 2985 Contra
1014 2918 1102 2985 ab
1151 2917 1367 2984 attico
1401 2940 1717 2986 sermone
1749 2941 2031 3006 prorsus
2065 2918 2395 2986 abhorret
2426 2919 2671 2986 tertius

334 3025 526 3091 locus
572 3025 610 3089 I
655 3026 775 3091 87:
846 3023 969 3089 ubi
1015 3024 1464 3113 postponitur
1525 3024 1829 3092 orationi
1888 3024 2340 3113 participium
2405 3024 2672 3091 εἰπόντα

333 3154 461 3221 pro
525 3154 691 3197 vera
753 3138 824 3197 et
882 3131 1029 3197 sola
1091 3131 1516 3199 inductione.
1612 3132 1797 3197 Nam
1857 3132 2031 3197 illud
2094 3132 2414 3215 omittas,
2484 3133 2671 3218 quod

335 3260 420 3303 ne
469 3237 574 3304 illi
621 3238 898 3325 quidem
933 3238 1166 3325 graeci
1215 3239 1608 3327 scriptoreS,
1659 3239 1779 3326 qui
1810 3260 1938 3327 per
1967 3238 2363 3325 proximum
2396 3244 2672 3326 tempus

339 3344 412 3410 in
483 3344 706 3409 maius
769 3352 1036 3431 augent
1098 3344 1652 3435 interpositionis
1714 3367 1949 3431 usum,
2023 3345 2168 3411 eius
2229 3345 2418 3410 modi
2484 3353 2671 3433 post—

334 3451 753 3539 positionem
799 3450 1158 3534 noverint,
1222 3475 1398 3538 quae
1450 3451 1803 3520 contraria
1852 3459 2037 3519 certe
2098 3458 2205 3519 est
2248 3451 2488 3539 graeci
2534 3474 2671 3519 ser-

335 3558 562 3625 monis
625 3556 1048 3623 characteri:
1111 3556 1273 3623 inde
1335 3560 1520 3624 enim
1592 3559 1681 3624 ab
1742 3560 2051 3626 Homero
2125 3559 2238 3625 vel
2308 3560 2671 3627 Herodoto

335 3687 606 3752 semper
673 3666 742 3730 id
815 3664 1248 3729 contendunt
1318 3665 1605 3749 Graeci,
1674 3672 1757 3729 ut
1825 3666 2265 3751 distinguant
2333 3666 2671 3733 orationis

335 3771 612 3837 initium
659 3796 700 3838 a
747 3770 1229 3853 narratione.¹)
1307 3772 1568 3837 Contra
1598 3772 1839 3836 Latini
1887 3772 2115 3857 magis
2161 3772 2236 3836 in
2269 3771 2670 3839 universum

555 3951 604 4016 1)
653 3948 828 4005 Hanc
881 3967 1152 4005 normam
1205 3966 1282 4005 ne
1333 3949 1427 4005 illi
1481 3948 1725 4017 quidem
1779 3948 1897 4005 loci
1964 3948 2393 4021 neglexerunt,
2450 3949 2671 4018 quibus

336 4040 598 4109 primum
657 4038 1152 4110 interponebatur
1205 4038 1456 4095 verbum
1509 4038 2036 4095 introductoriam.
2110 4037 2341 4095 Deinde
2396 4056 2539 4095 vero
2595 4038 2673 4095 ad

334 4130 624 4183 maiorem
642 4126 980 4183 libertatem
999 4129 1484 4201 interpositionis
1503 4144 1654 4183 usus
1676 4127 1972 4199 processit
1998 4131 2060 4181 et
2084 4128 2145 4181 in
2167 4128 2299 4198 ipsa
2322 4131 2669 4184 narratione

338 4216 764 4273 exhibebatur:
826 4216 905 4271 of.
961 4221 1056 4273 καὶ
1105 4218 1134 4273 ὅ
1189 4214 1488 4292 Σωκράτης
1539 4212 1777 4290 γελάσας
1824 4218 1847 4289 <
1851 4256 2025 4271 .....
2029 4216 2051 4288 >
2100 4218 2223 4288 ἔφη.
2296 4216 2422 4271 Neo
2469 4224 2674 4275 tamen

336 4322 602 4373 unquam
655 4306 868 4361 Graeci
922 4305 1281 4361 Latinorum
1335 4308 1648 4381 attingunt
1696 4306 2031 4363 licentiam:
2088 4305 2294 4361 Latini
2345 4308 2507 4363 enim
2550 4324 2673 4365 non
