3200 4959
1293 358 1685 425 „21-

528 554 864 619 Attamen
911 554 1196 639 gravius
1257 561 1364 619 est
1422 560 1493 619 et
1552 553 1955 639 notabilium
2017 554 2202 641 quod
2262 555 2501 624 statim
2564 554 2658 621 ab

297 661 518 727 initio
567 660 906 727 orationis
949 660 1220 726 solutae
1259 682 1480 747 genus
1511 660 1789 727 dicendi
1820 684 1860 727 a
1894 662 2171 749 poetico
2220 668 2651 749 segregatur.

299 769 496 837 Nam
545 767 962 855 simplicitas
1009 766 1130 833 illa
1179 768 1366 854 apud
1413 767 1673 855 lyricos
1719 767 1875 856 ipsa
1920 768 2199 855 generis
2242 770 2473 839 forma
2518 792 2657 857 qua

297 883 612 941 utuntur
641 873 904 939 effecta
934 880 1125 955 erat;
1168 874 1236 938 ei
1271 873 1596 961 opposita
1628 881 1735 941 est
1766 874 2085 941 historici
2118 876 2347 963 operis
2378 882 2671 956 natura,-

298 980 387 1045 in
450 999 590 1068 quo
647 988 728 1045 ut
787 980 856 1045 in
921 980 1122 1067 epico
1179 980 1404 1047 maior
1463 982 1933 1068 exspectanda
1996 990 2151 1047 erat
2210 982 2547 1052 varietas:
2618 1006 2656 1047 e

303 1086 668 1155 contrario
693 1088 878 1175 apud
913 1086 1325 1153 historicum
1355 1088 1580 1153 mukto
1606 1087 1911 1155 severior
1934 1096 2190 1175 regnat
2219 1088 2653 1179 simplicitas,

301 1196 498 1259 Nam
546 1193 772 1279 magis
814 1216 1022 1280 quam
1085 1208 1382 1279 usquam
1409 1262 1414 1271 ,
1445 1194 1676 1261 adhue
1735 1193 2037 1263 vidimus
2096 1194 2285 1282 apud
2344 1195 2657 1263 Herodo-

303 1310 466 1366 tum
509 1300 840 1367 ‘omnibus
885 1301 1134 1365 ceteris
1179 1300 1415 1365 verbis
1459 1301 1881 1387 praevalent«
1922 1324 1967 1367 a
2012 1323 2183 1369 voce
2228 1302 2373 1387 λεγ-
2418 1311 2493 1367 et
2538 1300 2657 1371 ἒπ-

303 1408 657 1478 derivata.
752 1406 1035 1473 Inducit
1081 1408 1267 1473 enim
1314 1407 1709 1473 orationem
1768 1408 2059 1476 verbum
2108 1406 2290 1477 εἶπεν
2352 1416 2421 1473 et
2468 1406 2659 1476 εἶπαν.

299 1514 542 1596 8510112,
588 1513 986 1579 infinitivus
1020 1513 1229 1581 εἰπεῖν
1259 1514 1348 1579 28
1363 1513 1485 1597 ¹²⁰⁸,
1535 1534 1863 1601 praesens
1894 1514 2063 1599 λέγει
2096 1514 2325 1598 361=¹³⁸‚
2360 1514 2657 1583 aoristus

305 1618 487 1699 ἔλεξε
534 1618 756 1704 1ἴ)ὶθ““,
804 1620 1296 1707 imperfectum
1329 1618 1504 1705 ἔλεγε
1533 1620 1763 1704 6610118,
1810 1619 2209 1687 infinitivus
2236 1622 2444 1707 λέγειν
2474 1622 2657 1705 5¹²¹28,

305 1726 770 1815 participium
832 1726 1024 1805 εἴπας
1083 1738 1224 1811 ter,
1293 1726 1743 1817 participium
1811 1727 2109 1815 denique
2166 1728 2371 1813 λέγων
2429 1728 2657 1797 5312112.

305 1835 578 1919 Magna
622 1832 904 1919 quidem
954 1833 1128 1899 haec
1185 1840 1292 1899 est
1337 1834 1552 1901 series
1597 1833 1942 1917 locorum5
2004 1846 2377 1922 supersunt
2423 1842 2659 1903 tamen

307 1962 501 2029 quae
546 1940 889 2028 respicere
935 1940 1335 2007 debeamus.

531 2064 908 2150 Agendum
941 2072 1048 2129 est
1072 2065 1156 2128 de
1188 2064 1482 2149 ratione,
1518 2088 1656 2151 qua
1690 2065 1780 2129 ab
1814 2066 2175 2131 Herodoto
2210 2065 2661 2153 participium

307 2175 518 2257 λέγων
549 2172 954 2239 adhibetur:
1001 2194 1138 2258 qua
1171 2179 1560 2237 memorata
1593 2171 1797 2237 simul
1832 2170 1922 2235 ad
1956 2172 2167 2237 aliam
2198 2193 2345 2237 rem
2382 2174 2659 2255 accede,

309 2298 495 2367 quae
545 2278 934 2345 orationem
981 2279 1282 2345 solutam
1331 2298 1372 2343 a
1419 2279 1614 2365 poesi
1660 2286 1963 2365 separat.

525 2422 862 2507 Magnam
923 2419 996 2483 in
1055 2420 1250 2507 poesi
1293 2418 1578 2486 videbas
1630 2418 2003 2486 verborum
2068 2422 2345 2509 copiam
2411 2421 2498 2486 ad
2559 2421 2660 2485 in-

309 2527 721 2594 ductionem
782 2533 1210 2620 usurpatam.
1307 2526 1498 2605 Quae
1562 2526 1796 2593 omnia
1860 2526 1975 2592 hic
2034 2532 2413 2609 rarescunt,
2477 2528 2662 2613 ipsas

305 2658 523 2701 voces
573 2632 850 2698 dicendi
899 2632 1104 2699 modo
1155 2632 1607 2721 excipiamuS.
1687 2632 1870 2698 Nam
1903 2633 2203 2721 primum
2255 2634 2491 2699 omnia
2536 2634 2659 2698 illa

309 2741 534 2807 verba
583 2740 812 2807 locum
863 2762 1006 2807 non
1037 2740 1320 2824 habent,
1371 2762 1547 2827 quae
1599 2738 1897 2806 oratoris
1938 2760 2185 2805 vocem
2234 2736 2658 2827 depingunt;

313 2848 618 2915 alacrior
667 2847 853 2911 enim
904 2855 1008 2911 est
1055 2846 1470 2933 imaginatio
1519 2845 1799 2935 poetica
1845 2844 2055 2935 idque
2105 2855 2323 2930 curat,
2372 2856 2453 2911 ut
2501 2869 2662 2913 con-

311 2954 601 3022 citatius
663 2954 1044 3041 loquantur
1107 2976 1478 3045 personae3
1552 2952 1779 3039 magis
1849 2952 2079 3019 sobria
2152 2958 2255 3018 est
2316 2953 2389 3017 in
2456 2971 2661 3040 prosa

316 3059 638 3129 oratione
686 3083 916 3125 rerum
976 3067 1048 3125 et
1095 3058 1458 3124 hominum
1523 3056 1901 3147 perceptio,
1966 3058 2081 3123 ·1‹1
2140 3060 2369 3147 ipsum
2436 3060 2663 3125 elucet

314 3194 402 3235 ex
465 3166 562 3233 eis
623 3166 964 3251 formum,
1037 3188 1211 3255 quas
1272 3166 1548 3254 saepius
1610 3166 1923 3232 admittit
1982 3166 2400 3234 Herodotus⁸
2496 3166 2663 3231 Illas

289 3276 494 3357 -dioo,
545 3296 723 3359 quae
773 3273 885 3338 vel
932 3295 1273 3339 summam
1323 3279 1656 3338 enarrant
1721 3272 2056 3339 orationis
2113 3272 2297 3338 siout
2356 3278 2661 3357 παραίνεε

315 3382 429 3447 IX
466 3384 544 3448 17
566 3406 580 3463 3
630 3383 1018 3468 νουθετῆσαι
1051 3380 1161 3445 ΙΠ
1208 3380 1327 3464 36;
1377 3378 1787 3466 παρεγύμνου
1817 3378 2033 3445 πάντα
2078 3378 2188 3444 τὸν
2234 3374 2419 3463 λόγον
2466 3378 2501 3442 Ι
2538 3380 2663 3445 126

319 3484 428 3553 vel
505 3487 1080 3554 circumscribunt
1151 3494 1383 3553 actum
1455 3486 1733 3552 dicendi
1804 3485 2120 3572 pluribus
2178 3485 2411 3550 verbis
2482 3484 2664 3550 sicut

319 3595 503 3680 λόγον
552 3592 843 3683 ἐκφαίνει
891 3594 964 3659 II
1018 3594 1177 3675 1153
1227 3594 1415 3679 λόγου
1463 3592 1735 3675 ἔχεσθαι
1782 3592 1921 3657 VII
1968 3594 2027 3657 ὃ.

531 3716 792 3785 Verum
841 3718 1013 3783 haec
1059 3716 1274 3782 verba
1335 3738 1760 3803 quamquam
1810 3718 2211 3802 frequenter
2273 3717 2531 3782 adsunt
2578 3757 2659 3764 ——

323 3826 408 3890 35
425 3822 549 3909 ¹⁰⁰³,
577 3866 660 3875 -—-
688 3832 921 3890 tamen
958 3824 1145 3891 omni
1179 3822 1325 3889 fere
1353 3822 1728 3888 inducendi
1756 3822 2176 3888 auctoritate
2202 3830 2467 3906 carent,
2496 3824 2660 3908 quia

325 3955 594 4021 semper
662 3932 808 3997 fere
878 3931 962 3997 iis
1033 3931 1381 3997 adiectum
1446 3937 1552 3995 est
1616 3928 2067 4017 participium
2128 3930 2328 4015 λέγων
2393 3940 2517 3994 aut
2583 3969 2653 3977 —

327 4040 644 4127 quamvis
693 4036 915 4104 rarius
965 4080 1046 4087 -
1095 4036 1611 4104 substantivum
1670 4036 1951 4125 aliquod
2015 4036 2405 4102 orationem
2468 4060 2663 4124 prae-

327 4146 656 4214 nuntians
705 4146 886 4212 sicut
933 4144 1092 4211 ἔπεα
1139 4146 1253 4210 vel
1298 4146 1505 4233 λόγος.

430 4276 434 4281 ’
539 4273 670 4339 His
717 4270 1014 4337 vinculis
1061 4294 1300 4337 omnes
1347 4272 1492 4339 fere
1539 4292 1663 4335 eae
1712 4268 2148 4337 inductiones
2196 4268 2665 4352 eontinentur,
