3200 4959
1535 268 1933 372 ..gg-2.

562 502 608 589 <.
645 554 658 567 .
696 504 742 589 .>
764 505 831 586 1).
918 500 1056 565 Hic
1133 502 1412 588 quidem
1497 502 1955 569 seiunctionis
2028 524 2192 569 usus
2277 501 2537 590 quippe
2618 508 2905 567 nostrae

562 612 846 697 linguae
914 610 1200 697 ignotus
1269 632 1356 675 ex
1419 610 1707 676 licentia
1770 609 2071 698 primum
2136 617 2329 677 ortus
2411 608 2691 675 videtur
2770 630 2907 672 nec

563 726 799 783 tamen
850 725 1038 783 certo
1087 717 1323 803 aliquo
1373 724 1788 803 argumento
1824 724 2035 783 caret.
2129 716 2378 783 Denuo
2426 714 2613 781 enim
2660 738 2741 781 eo
2788 714 2909 779 de-

564 822 912 907 ducimur,
981 830 1062 888 ut
1131 845 1628 909 agnoscamus,
1701 830 2045 911 quantum
2103 822 2179 888 in
2243 821 2441 888 verbi
2502 820 2629 911 ἔφη
2689 821 2906 886 inter-

562 930 983 1017 positionem
1049 930 1384 997 orationis
1433 930 1757 1017 obliquae
1808 929 2053 997 similis
2100 952 2263 996 usus
2328 927 2665 994 valuerit:
2736 950 2907 993 nam

564 1035 962 1124 saepissime
1026 1036 1098 1100 in
1147 1036 1461 1102 oratione
1521 1036 1807 1125 obliqua
1858 1060 1899 1103 a
1946 1038 2195 1103 ceteris
2257 1034 2565 1102 eiusdem
2626 1042 2907 1101 senten-

562 1142 704 1207 tiae
783 1141 1071 1208 vocibus
1149 1143 1433 1208 verbum
1514 1142 1851 1209 inducens
1929 1144 2419 1230 separabatur3
2512 1142 2601 1207 cf.
2696 1140 2908 1205 huius

562 1248 1021 1314 sententiolae
1085 1250 1481 1337 exemplum
1539 1248 1689 1334 βὰς
1756 1246 1895 1316 ἐπὶ
1962 1248 2155 1329 τοὺς
2219 1246 2575 1336 ἐφόρους
2642 1240 2909 1331 ’ἄμεινον

561 1353 726 1423 εἶναι
772 1354 806 1421 ἕ
821 1380 954 1444 φη,
1004 1356 1190 1442 quod
1237 1356 1531 1422 fortuito
1581 1380 1667 1421 ex
1718 1356 2074 1423 Herodoto
2122 1356 2235 1421 III
2286 1354 2415 1421 148
2458 1354 2792 1442 excerpsi.

774 1462 1024 1551 Itaque
1057 1462 1312 1530 diversi
1345 1486 1512 1531 sane
1545 1462 2100 1553 interpositionis
2132 1463 2391 1551 gradus
2423 1459 2907 1549 distinguendi

563 1576 745 1637 sunt.

775 1678 909 1745 Sed
981 1680 1328 1765 quomodo
1397 1680 1584 1746 inter
1644 1678 2147 1767 Xenophontis
2216 1677 2477 1767 scripta
2546 1676 2907 1743 distributi

561 1786 771 1851 sunt?
841 1785 1174 1851 Potestne
1223 1786 1402 1869 fieri,
1451 1796 1531 1853 ut
1569 1786 1735 1853 hinc
1785 1790 1871 1852 ad
1920 1786 2435 1853 observandum
2490 1806 2906 1873 progres-

561 1915 730 1958 sum
763 1893 1068 1979 aliquem
1101 1893 1376 1959 dicendi
1408 1894 1919 1982 perveniamus,
1952 1893 2072 1981 qui
2105 1894 2253 1959 eius
2284 1892 2622 1959 librorum
2656 1889 2905 1958 seriem

561 1998 762 2065 nobis
808 1999 1116 2066 indicet?

772 2107 991 2174 Porro
1040 2107 1179 2173 iam
1213 2112 1422 2173 antea
1454 2108 1601 2173 dixi
1637 2108 2068 2196 frequentari
2099 2130 2269 2197 prae
2302 2106 2623 2174 omnibus
2655 2104 2909 2171 ceteris

561 2212 848 2278 vocibus
908 2214 1196 2280 verbum
1260 2212 1406 2301 ἔφη.
1497 2214 1835 2281 Attamen
1896 2222 2276 2303 usurpatur
2334 2214 2549 2281 etiam
2610 2211 2905 2279 verbum

561 2316 744 2384 εἶπεν
789 2328 859 2383 et
905 2318 1186 2405 quidem
1233 2320 1440 2385 modo
1489 2320 1765 2408 saepius
1811 2320 2089 2407 legitur,
2138 2321 2345 2387 modo
2374 2320 2620 2387 rarius,
2698 2316 2908 2399 Quid,

559 2425 619 2490 si
665 2424 880 2491 etiam
925 2448 1012 2490 ex
1060 2424 1264 2491 huius
1309 2426 1749 2513 frequentiae
1796 2426 2219 2494 differentiis
2280 2429 2366 2493 de
2420 2426 2663 2494 ordine
2692 2424 2908 2515 scrip-

559 2544 792 2599 torum
842 2531 1078 2619 aliqua
1127 2531 1479 2599 conclusio
1528 2533 1858 2600 dabitur?

773 2638 966 2719 Quae
1015 2639 1250 2708 omnia
1309 2648 1390 2706 ut
1451 2640 1847 2707 accuratius
1894 2641 2323 2729 celeriusque
2382 2640 2905 2729 perlustremuS,

560 2747 840 2813 brevem
889 2746 1221 2835 supposui
1269 2748 1605 2814 tabellam
1637 2749 1720 2814 de
1768 2750 2139 2816 verborum
2188 2744 2274 2815 εἶν
2251 2773 2370 2815 ειν
2414 2754 2486 2813 et
2532 2746 2658 2837 ἔφη
2704 2746 2905 2813 vario

557 2854 1080 2941 usu3seq1utur
1112 2854 1334 2921 altera
1369 2855 1650 2939 tabella,
1686 2877 1864 2944 quae
1898 2864 2288 2922 ceterorum
2334 2855 2705 2921 verborum
2739 2874 2907 2920 con-

556 2962 786 3026 tinent
809 2982 1028 3027 usum.
1077 2960 1368 3027 Numeri
1393 2962 1514 3048 qui
1537 2962 1607 3027 in
1635 2962 1769 3028 hac
1794 2971 2146 3050 postrema
2174 2961 2437 3027 tabella
2470 2969 2630 3051 post
2662 2962 2901 3030 colon:

559 3074 912 3155 ponuntur
958 3088 1198 3133 eorum
1244 3068 1559 3133 locorum
1616 3068 2087 3156 frequentiam
2139 3068 2476 3153 indicant,
2532 3067 2601 3135 in
2648 3068 2903 3158 quibus

557 3172 1032 3263 praemittit-ur
1077 3173 1355 3261 quidem
1403 3175 1703 3242 orationi
1747 3176 2219 3242 inductorium
2253 3177 2542 3242 verbum
2578 3216 2659 3225 -
2694 3174 2897 3256 εἶπεν,

557 3280 782 3365 ἔλεγεν,
833 3278 1034 3360 ἔλεξεν
1073 3321 1177 3365 -,
1226 3282 1542 3369 sequitur
1604 3303 1769 3347 vero
1832 3289 1990 3369 post
2032 3304 2259 3371 pauca
2309 3282 2647 3349 orationis
2680 3282 2896 3350 verba

557 3410 693 3452 vox
743 3384 897 3475 ἔφης
947 3388 1124 3453 tales
1171 3386 1360 3453 locos
1407 3389 1563 3454 dico
1594 3395 1675 3454 ut
1705 3388 1991 3455 Memor.
2066 3389 2103 3453 I
2136 3390 2261 3474 3‚9
2292 3383 2477 3478 ἤρετο
2510 3400 2898 3479 Ξενοφῶντα

555 3493 755 3581 (Εἰπέ
799 3494 942 3581 μοι>
989 3491 1116 3582 ἔφη
1165 3482 1247 3581 <ui
1295 3504 1599 3583 Ξενοφῶν
1632 3545 1647 3560 .
1685 3546 1699 3560 .
1738 3496 1804 3583 ..>
1840 3494 2019 3561 Vide
2065 3494 2251 3561 infra
2297 3496 2439 3562 tab.
2486 3495 2523 3560 I
2571 3505 2643 3562 et
2687 3496 2780 3564 II.

765 3816 917 3881 Iam
977 3837 1143 3882 vero
1194 3814 1366 3882 haec
1412 3817 1562 3881 fere
1624 3840 1710 3883 ex
1772 3816 2194 3884 tabellarum
2240 3817 2546 3884 numeris
2608 3816 2888 3906 colligo,

769 3958 821 4025 1)
859 3956 978 4012 Hic
1017 3974 1166 4013 usus
1205 3956 1486 4013 licentior
1525 3975 1675 4013 sane
1710 3957 2000 4015 dicendus
2041 3966 2150 4028 est,
2202 3958 2307 4014 ubi
2345 3959 2686 4015 subiectum
2722 3968 2893 4033 prae:t

553 4048 845 4116 mittitur3
883 4065 1024 4101 nam
1063 4038 1301 4101 duobus
1339 4046 1534 4102 modis
1573 4048 1637 4103 in
1664 4047 1905 4119 dialogo
1945 4050 2159 4104 evitari
2186 4054 2425 4121 poterat
2458 4049 2623 4117 haec,
2660 4048 2734 4103 de
2772 4067 2891 4118 qua

557 4134 669 4208 egi,
698 4137 1029 4207 separatio:
1058 4143 1165 4191 aut
1195 4136 1640 4209 antepositione
1664 4136 1833 4192 verbi
1861 4136 2201 4194 inducentis
2221 4170 2293 4178 —
2317 4138 2347 4191 ὅ
2372 4139 2431 4193 δὲ
2460 4134 2759 4211 Σωκράτης
2782 4140 2891 4213 ἔφη

553 4226 592 4297 <.
625 4268 634 4278 .
665 4226 704 4298 .>
742 4232 850 4279 aut
887 4225 1350 4298 interpositione
1385 4224 1675 4282 subiecti:
1712 4227 1751 4299 <.
1780 4270 1791 4283 .
1820 4226 1858 4299 .)
1896 4228 2003 4301 ἔφη
2040 4228 2068 4282 ὁ
2110 4224 2410 4302 Σωκράτης
2444 4228 2482 4300 <.
2514 4266 2529 4281 .
2553 4268 2565 4282 .
