3200 4959
1491 228 1890 297 ...m-.-

507 429 839 517 sequitur,
889 426 1161 517 pondus
1208 423 1368 495 inde
1417 427 1697 515 accipit,
1746 428 1929 515 quod
1980 448 2023 491 a
2070 426 2337 493 nuntiis
2398 426 2673 515 perlata
2734 432 2864 491 est.

510 538 770 604 Contra
817 536 1208 622 longiorem
1241 553 1749 621 nonnunquam
1782 532 2167 599 orationem
2202 532 2475 599 inducit
2506 540 2632 599 aut
2660 530 2867 617 εἶπεν,

509 645 696 731 quod
772 644 844 708 in
918 642 1322 708 universum
1391 648 1558 706 ante
1636 638 1988 707 breviores
2066 641 2419 706 orationes
2486 646 2870 727 usurpatur

509 772 718 837 quam
767 748 971 827 ἔλεξεν
1019 756 1142 813 aut
1203 748 1336 813 hoc
1397 747 1627 835 ipsum
1686 747 1979 813 verbum
2050 748 2231 835 quod
2297 756 2402 813 est
2462 747 2697 825 ἔλεξενε
2768 746 2863 812 cf.

507 853 690 923 εἶπεν
735 856 838 920 IV
885 858 1008 936 583
1059 852 1246 921 sinor
1291 855 1402 919 III
1451 856 1529 937 83
1581 850 1855 921 cocetum
1900 855 1935 919 Ι
1980 852 2100 938 67;
2152 853 2319 933 ἔλεξε
2366 854 2401 918 Ι
2446 854 2569 936 85;
2620 855 2693 918 II
2738 854 2863 933 593

508 963 648 1028 VII
693 964 811 1046 60;
883 960 1096 1041 ἔλεξαν
1143 962 1176 1027 Ι
1223 964 1342 1044 313
1415 961 1556 1025 VII
1618 962 1739 1043 653
1810 969 2123 1027 attamen
2183 960 2467 1027 maioris
2520 960 2867 1027 momenti

507 1078 612 1135 est
657 1090 938 1135 severus
985 1066 1104 1133 ille
1151 1089 1357 1157 quem
1408 1067 1717 1135 indicavi
1764 1067 2161 1155 imperfecti
2210 1084 2389 1136 usus.

719 1193 874 1259 Iam
936 1214 1102 1259 vero
1135 1193 1320 1259 inter
1350 1190 1562 1257 verba
1612 1192 2076 1280 respondendi
2110 1190 2335 1259 solum
2368 1194 2564 1259 adest
2598 1185 2865 1279 ἀπεκρί-

505 1326 692 1383 νατο;
745 1302 940 1367 adest
987 1300 1161 1365 haec
1193 1300 1346 1387 ipsa
1381 1300 1608 1365 forma
1657 1298 1887 1379 ἕλεξενε
1941 1299 2383 1387 agnoscimus
2416 1299 2636 1387 igitur
2682 1300 2862 1365 eius-

507 1410 663 1474 dem
728 1408 925 1474 attici
987 1406 1324 1473 sermonis
1381 1406 1704 1493 vestigia,
1767 1406 1883 1493 qui
1948 1407 2021 1471 in
2086 1408 2455 1493 postremis
2517 1406 2866 1473 Herodoti

509 1515 702 1580 libris
746 1514 950 1580 nobis
999 1512 1245 1581 obvius
1294 1514 1448 1580 fuit.

722 1622 1045 1687 Ceterum
1087 1618 1270 1686 nihil
1331 1622 1629 1687 novavit
1688 1618 2137 1708 Thucydides
2196 1622 2333 1687 nisi
2395 1624 2581 1709 quod
2644 1622 2863 1710 parti-

507 1729 673 1817 eipii
741 1730 942 1815 λέγων
1003 1728 1510 1795 abundantiam
1579 1728 2055 1795 Herodoteam
2120 1728 2363 1796 evitat.
2468 1728 2575 1796 Ea
2644 1729 2717 1795 in
2786 1752 2864 1795 re

508 1835 925 1925 posteriores
971 1856 1130 1903 eum
1177 1835 1398 1901 secuti
1444 1844 1628 1901 sunt.

721 1959 1151 2026 Posteriores
1198 1980 1385 2024 nunc
1419 1959 1770 2025 adeamus
1852 1958 2403 2047 Xenophontem
2454 1961 2610 2028 dico
2646 1970 2859 2050 atque

509 2068 900 2133 Platonem.
995 2066 1159 2131 Dixi
1207 2066 1347 2131 iam
1415 2074 1645 2131 antea·
1684 2086 1966 2153 prorsus
2013 2067 2365 2132 diversum
2425 2088 2571 2132 esse
2618 2087 2861 2133 eorum

507 2196 728 2261 genus
776 2172 1051 2239 dicendi
1099 2196 1140 2238 a
1187 2172 1617 2260 Thucydidis
1664 2196 1999 2240 sermone.
2078 2174 2373 2239 Accedit
2420 2174 2605 2260 quod
2654 2174 2863 2261 pauci

509 2286 786 2345 tantum
835 2281 1004 2345 anni
1051 2279 1232 2345 inter
1265 2278 1697 2369 Thucydidis
1745 2289 2040 2345 mortem
2088 2278 2294 2368 idque
2327 2287 2602 2369 tempus
2649 2280 2862 2347 inter-

510 2395 883 2469 cesserunt,
934 2409 1070 2475 quo
1121 2378 1421 2453 seribere
1470 2396 1855 2473 coeperunt
1902 2384 2308 2477 Xenophon
2346 2394 2565 2475 ‚atque
2613 2386 2819 2453 Plato
2842 2410 2858 2470 ;

509 2516 677 2580 ergo
731 2494 815 2559 ad
868 2493 1053 2559 hanc
1115 2492 1592 2559 coniecturam
1642 2493 2083 2561 deducimur:
2158 2493 2492 2562 usitatam
2550 2494 2689 2565 iam
2746 2494 2861 2559 fu·-

509 2602 641 2666 isse
690 2598 1122 2686 Thucydidis
1170 2598 1602 2685 temporibus
1668 2620 1925 2665 novam
1988 2600 2299 2687 aliquam
2354 2600 2688 2688 loquendi
2748 2620 2861 2665 ra·-

507 2707 794 2792 tionem‚
857 2704 1342 2793 Thucydidem
1398 2727 1557 2771 vero
1608 2706 1900 2773 consilio
1952 2718 2141 2772 certo
2190 2708 2535 2773 vetustius
2574 2708 2859 2794 aliquod

509 2835 732 2900 genus
781 2812 1054 2878 dicendi
1111 2810 1497 2879 retinuisse.

736 2940 888 3005 Iam
947 2960 1114 3005 vero
1165 2947 1354 3005 certa
1402 2950 1819 3023 argumenta
1852 2938 2356 3007 desideramus:
2402 2938 2859 3007 inveniuntur

510 3054 748 3111 tamen
797 3045 869 3110 in
918 3044 1163 3110 Ionis
1211 3045 1368 3109 Chii
1417 3044 1594 3109 libro
1642 3044 1787 3126 ille,
1848 3045 1959 3109 cui
2031 3046 2443 3133 inscriptum
2508 3046 2647 3112 fuit
2706 3046 2856 3114 ἐστι·

510 3152 749 3241 δημίαι.
845 3152 954 3216 Ex
1015 3151 1149 3217 hoc
1213 3173 1421 3238 opere
1482 3173 1711 3238 pauca
1772 3152 2053 3238 quidem
2101 3151 2303 3217 nobis
2351 3151 2635 3241 reliquit
2682 3164 2855 3218 tem-

509 3278 760 3348 porum
791 3258 1078 3342 invidia,
1129 3266 1445 3324 attamen
1493 3257 1915 3323 exhibentur
1948 3258 2299 3323 orationes
2336 3258 2717 3325 nonnullae
2756 3258 2856 3324 di-

507 3374 741 3432 rectae
790 3364 860 3430 in
913 3372 1207 3430 venusta
1239 3362 1362 3429 illa
1396 3364 1945 3449 narratiuncula,
1996 3386 2173 3451 quae
2208 3364 2357 3453 agit
2390 3366 2473 3431 de
2508 3366 2853 3454 Sophocle

511 3485 826 3541 amatore
875 3470 1136 3539 Athen.
1184 3466 1372 3537 XIII
1421 3470 1551 3537 603
1601 3470 1681 3538 E.

731 3599 932 3663 Certe
979 3596 1112 3663 Ion
1161 3594 1292 3661 hoc
1342 3597 1498 3662 loco
1555 3595 1789 3679 habet,
1856 3596 2041 3682 quod
2108 3596 2451 3684 prioris
2518 3601 2853 3688 temporis

513 3729 712 3773 usum
763 3706 834 3770 in
885 3704 1294 3770 memoriam
1343 3710 1658 3769 revocet:
1720 3702 2021 3789 legimus
2074 3704 2262 3769 enim
2323 3706 2613 3771 verbnm
2678 3706 2851 3773 illud

509 3808 812 3904 ἠμείφθη
884 3830 970 3877 ex
1029 3810 1260 3899 poetis
1338 3810 1837 3894 Herodotoque
1922 3816 2203 3875 notum:
2292 3809 2475 3876 idem
2560 3813 2849 3879 verbnm

512 3921 652 3988 iam
705 3920 1079 4009 respuebat
1125 3916 1589 4005 Thucydides,

727 4025 1030 4095 Gravius
1064 4048 1228 4091 vero
1278 4022 1480 4089 nobis
1513 4022 1817 4109 quidem,
1868 4026 2049 4110 quod
2098 4022 2186 4089 ad
2218 4026 2679 4113 posteriorum
2712 4049 2850 4093 ser-

513 4158 790 4203 monem
851 4136 930 4201 Io
993 4156 1210 4221 prope
1273 4130 1576 4198 accedit:
1640 4131 2027 4217 interponit
2087 4132 2270 4197 enim
2335 4133 2637 4200 orationi
2704 4154 2852 4205 non
