3200 4959
1376 368 1765 435 ,35-

397 567 678 651 μείφθη.
773 562 927 627 Hoc
975 562 1266 629 verbum
1315 584 1677 651 nunquam
1710 571 1953 651 postea
2002 564 2359 631 invenitur
2390 587 2518 631 nec
2553 566 2738 654 apud

401 669 953 756 Xenophontem
1001 690 1128 735 nec
1177 669 1342 735 alibi
1391 670 1579 759 apud
1626 670 1925 755 Atticos,
1974 671 2249 759 saepius
2310 694 2497 756 vere,
2560 672 2743 738 sicut

403 776 727 859 vidimus,
778 776 964 864 apud
1013 782 1256 863 poetas
1305 784 1377 843 et
1422 776 1895 843 Herodotum:
1946 800 2085 864 qua
2130 800 2202 843 re
2252 778 2417 845 illuc
2464 780 2742 845 deduci-

401 902 578 967 mur,
627 904 766 970 quo
813 883 1088 970 saepius
1134 890 1378 970 postea
1425 882 1582 949 aliis
1630 882 1965 949 adhibitis
2023 886 2476 971 argumentis,
2546 895 2741 951 ante·
2805 921 2809 925 -

403 988 686 1057 cessisse
732 989 1118 1057 Anabasim
1167 991 1416 1055 ceteris
1463 990 2005 1078 Xenophonteis
2050 992 2346 1081 scriptis.

616 1113 802 1179 Hinc
850 1114 1042 1181 viam
1087 1123 1396 1181 teramus
1441 1122 1720 1204 oportet
1767 1138 1893 1203 per
1938 1126 2171 1183 cetera
2218 1118 2507 1205 scripte;
2557 1120 2740 1205 quod

402 1220 767 1308 negotium
815 1243 955 1287 non
1017 1220 1118 1288 ita
1179 1221 1390 1287 facile
1449 1245 1594 1289 esse
1658 1222 1922 1289 fateor:
1993 1224 2285 1291 eandem
2350 1226 2535 1293 enim
2592 1226 2741 1291 fere

399 1328 785 1415 imaginem
817 1334 1008 1394 totus
1032 1328 1594 1417 Xenophonteus
1620 1329 1917 1415 praebet
1944 1352 2203 1413 serm0;
2240 1332 2513 1398 accedit
2534 1334 2741 1420 quod,

403 1456 584 1521 quae
634 1434 1122 1521 digrediuntur
1169 1457 1209 1499 a
1239 1434 1592 1501 communi
1640 1458 1975 1520 sermone,
2022 1436 2395 1503 tribuenda
2442 1462 2587 1507 esse
2642 1440 2745 1505 vi-

403 1542 660 1608 dentur
690 1564 774 1606 ex
809 1564 1071 1629 magna
1105 1541 1382 1629 quidem
1417 1549 1619 1630 parte
1651 1540 1753 1607 ini
1784 1541 1906 1627 rei,
1946 1544 2131 1630 quod
2166 1546 2422 1631 partim
2458 1546 2741 1634 dialogi,

405 1648 667 1737 partim
714 1648 1048 1714 historiae
1095 1648 1392 1715 formam
1443 1648 1944 1737 Xenophontis
1988 1650 2253 1738 scripta
2301 1662 2739 1740 acceperunt.

619 1774 957 1839 Attamen
989 1772 1122 1837 hoc
1154 1774 1475 1860 persequi
1509 1794 1858 1859 conemur,
1908 1782 2255 1861 quatenus
2282 1776 2489 1843 unius
2519 1778 2743 1845 cuius-

403 1901 540 1966 que
587 1878 830 1967 scripti
889 1900 1114 1945 sermo
1177 1879 1268 1945 ab
1313 1880 1645 1964 Anabasi,
1707 1880 2141 1969 Thucydide,
2202 1884 2565 1951 Herodoto
2626 1888 2742 1951 ab·

403 1984 696 2053 horrens
743 1986 827 2051 ad
877 1985 1214 2051 maiorem
1261 1984 1663 2053 libertatem
1712 2010 2117 2075 progressus
2164 1989 2275 2055 sit.
2302 1996 2349 2073 ¹)

621 2110 1008 2177 Praemitto
1083 2132 1310 2197 pauca·
1379 2112 1591 2177 verba
1662 2111 1759 2177 de
1829 2134 1925 2177 eo
1992 2135 2427 2199 sermone,
2500 2138 2749 2202 quem

406 2242 948 2287 communem
983 2218 1313 2285 habent
1360 2218 1649 2284 omnia
1698 2219 2038 2306 scripta
2072 2221 2749 2310 Xenophontea.

621 2400 674 2463 1)
711 2396 848 2453 Non
885 2394 1132 2469 disputo
1183 2395 1299 2451 hoc
1349 2394 1482 2451 loco
1521 2412 1659 2451 cum
1696 2395 1849 2451 viris
1902 2395 2115 2467 doctis,
2167 2400 2269 2465 qui
2322 2399 2475 2453 elias
2528 2417 2744 2457 causas

403 2488 598 2543 secuti
637 2487 824 2543 alium
861 2485 1226 2557 scriptorum
1263 2482 1843 2555 Xenophontem-um
1882 2484 2151 2543 ordinem
2190 2493 2568 2546 statuerunt:
2607 2508 2744 2544 nam

403 2585 610 2650 partes
660 2592 828 2631 meae
878 2590 974 2629 me
1009 2571 1130 2629 huc
1166 2590 1287 2628 non
1338 2580 1573 2628 vocant.
1652 2574 1940 2628 Attamen
1992 2593 2111 2631 una
2160 2592 2257 2631 res
2307 2576 2456 2632 mihi
2496 2596 2749 2633 comme-

403 2664 694 2721 moranda
731 2660 989 2719 videtur.
1064 2662 1219 2717 Sunt
1269 2662 1444 2731 enim,
1497 2662 1600 2729 qui
1652 2678 1773 2717 non
1824 2662 2083 2719 multum
2135 2664 2563 2721 confidendum
2614 2684 2749 2722 esse

403 2760 622 2827 putent
669 2751 1104 2825 particularum
1153 2750 1294 2806 usui
1343 2748 1420 2804 ad
1469 2749 1887 2806 definiendum
1938 2751 2209 2809 ordinem
2260 2754 2615 2811 observato:
2672 2755 2751 2811 cf.

403 2828 550 2899 Joh.
603 2840 896 2909 Dahmen,
953 2838 1198 2905 Quaest.
1253 2836 1528 2909 Xenoph.
1581 2856 1639 2911 p.
1693 2842 1740 2895 1.
1813 2838 1893 2895 Et
1944 2839 2185 2907 quidem
2234 2849 2397 2897 recte
2446 2843 2751 2913 iudicant3

406 2932 542 2987 illas
595 2932 756 2987 enim
807 2929 1192 2997 quaestiones
1243 2926 1478 2994 dicunt,
1534 2943 1687 2993 quae
1738 2928 1921 2983 unius
1974 2935 2209 2985 tantum
2263 2932 2600 3003 particulae
2651 2934 2749 2991 vel

403 3037 733 3095 paucarum
770 3034 988 3074 vocum
1027 3034 1206 3071 usum
1231 3032 1339 3089 per
1364 3015 1546 3071 unius
1575 3017 1893 3089 scriptoris
1920 3036 2099 3091 opera
2124 3022 2553 3095 pervestigant.
2609 3022 2747 3077 Hoc

403 3127 528 3167 non
566 3110 652 3164 ita
689 3124 825 3163 esse
864 3114 1013 3180 puto
1070 3106 1132 3161 in
1182 3098 1316 3160 m'ea
1365 3105 1778 3178 disputatione
1832 3124 1971 3163 narn
2023 3114 2247 3164 certam
2298 3110 2563 3177 aliquam
2616 3128 2752 3183 pro-

403 3215 654 3273 gressus
691 3197 856 3252 viam
893 3196 1201 3251 invenisse
1237 3194 1388 3249 mihi
1413 3194 1624 3250 videor
1673 3195 1996 3264 eademque
2031 3199 2133 3253 via
2158 3214 2267 3270 per
2288 3201 2486 3254 maius
2512 3207 2749 3273 tempus

405 3288 756 3353 multosque
795 3286 1121 3357 scriptores
1160 3283 1524 3357 porrigitur:
1563 3290 1625 3339 et
1662 3285 1937 3351 sequitur
1974 3303 2107 3341 eam
2146 3287 2275 3359 ipse
2314 3286 2653 3361 Xenophon
2684 3322 2747 3331 --

407 3377 570 3431 sicut
607 3374 768 3430 infra
803 3372 1162 3429 videbimus.
1239 3372 1417 3429 Unde
1455 3371 1627 3427 effici
1676 3373 1969 3429 nonnulla
2020 3392 2201 3447 posse
2250 3376 2329 3431 ad
2383 3378 2746 3449 scriptorum

407 3466 680 3521 ordinem
716 3461 1132 3518 definiendum
1170 3478 1314 3515 sane
1352 3462 1499 3517 mihi
1539 3463 1834 3534 persuasi.

619 3572 746 3627 Nec
782 3585 1030 3643 prorsus
1068 3584 1164 3624 me
1201 3567 1477 3623 aberrare
1514 3587 1549 3624 a
1586 3576 1753 3625 recta
1790 3572 1893 3625 via
1928 3571 2042 3627 hoc
2080 3572 2231 3627 mihi
2268 3572 2549 3644 ostendit,
2588 3576 2748 3645 quod

406 3661 528 3719 viri
565 3660 728 3717 docti
764 3656 1040 3715 nonnulli
1078 3655 1198 3712 alia
1235 3658 1430 3711 secuti
1468 3664 1841 3730 argumenta,
1882 3676 2035 3726 quae
2072 3678 2169 3715 res
2224 3660 2395 3733 ipsae
2448 3665 2509 3717 in
2548 3662 2749 3720 Xeno-

408 3752 690 3827 phonteis
729 3747 974 3821 scriptis
1013 3746 1242 3801 relatae
1279 3746 1368 3799 eis
1395 3745 1779 3817 praebebant,
1819 3747 1896 3801 ad
1924 3748 2184 3803 similem
2211 3750 2505 3807 librorum
2530 3755 2747 3811 seriem

407 3845 844 3915 pervener-unm
879 3836 958 3892 cf.
981 3834 1090 3891 Ed.
1134 3834 1530 3903 Schartzium,
1573 3836 1677 3903 qui
1716 3834 2051 3893 Hellenicis
2090 3838 2373 3895 ultimum
2398 3840 2525 3896 fere
2550 3842 2747 3897 locum

407 3930 628 3987 tribuit
665 3929 821 3985 inter
859 3924 1280 3997 Xenophontis
1319 3924 1577 3996 scripta;
1639 3922 1791 3983 adde
1829 3925 1987 3993 quod
2024 3926 2297 3985 Dahmen
2335 3929 2491 3985 hano
2526 3933 2749 3987 statuit

409 4021 659 4077 seriem:
697 4015 1182 4073 Memorabilium
1214 4013 1252 4069 1.
1291 4012 1336 4083 1,
1369 4012 1441 4083 11,
1481 4012 1872 4086 Cyropaedia,
1912 4014 2394 4071 Memorabilium
2422 4018 2457 4073 l.
2498 4018 2605 4089 111,
2644 4020 2747 4089 IV,

411 4107 806 4177 convivium,
859 4104 1326 4173 OeconomicuS,
1395 4102 1601 4158 Hiero.
1654 4102 1839 4173 Adde,
1890 4103 2045 4172 quod
2096 4104 2495 4163 confirmatur
2544 4108 2746 4176 aliquo

411 4198 591 4254 modo
629 4198 763 4268 ipso
801 4192 1220 4249 inductionum
1260 4208 1376 4246 usu
1405 4192 1889 4248 Memorabilium
1920 4210 1988 4248 ea
2015 4196 2329 4266 seiunctiO,
2368 4214 2545 4264 quam
2572 4196 2746 4257 modo

411 4282 888 4347 commemoravi.
