3200 4959
1489 320 1889 389 ..22-

517 520 588 584 in
639 520 889 607 quibus
921 520 1149 607 ipsum
1186 519 1474 601 verbum
1520 518 1810 584 finitum
1848 519 2053 605 λέγειν
2084 540 2226 584 non
2261 516 2585 584 occurrit.
2657 518 2861 586 Unde

517 627 964 715 excipiuntur
1023 626 1171 693 sola
1231 626 1447 691 verba
1493 624 1978 712 interrogandi
2026 632 2099 690 et
2144 624 2627 713 respondendi.
2722 624 2859 693 Sed

515 734 691 800 haec
761 756 1038 820 quoque
1109 756 1315 820 saepe
1385 732 1913 819 coniunguntur
1990 754 2145 798 cum
2216 731 2593 820 participio
2662 734 2859 815 λέγων

515 842 696 907 sicut
723 834 1122 925 ἀμείβεσθαι
1166 841 1328 907 5¹⁸⁸¹⁸
1357 880 1446 891 -—-
1477 840 1550 905 in
1583 862 1853 906 summa
1891 840 2195 907 usitatur
2222 840 2309 904 47
2326 838 2427 881 Μ·
2458 875 2566 922 -·-,
2596 832 2859 925 ὑποκρί-

516 948 732 1013 νεσδαι
779 947 991 1013 semel
1037 932 1124 997 1-ss-
1171 947 1243 1013 in
1277 968 1550 1013 summa
1575 946 1723 1015 Ῥω
1770 984 1877 1031 -·,
1924 944 2170 1033 ipen&
2214 952 2321 1011 ter
2354 984 2435 995 -
2470 944 2543 1009 in
2586 967 2857 1013 summa

391 1054 398 1061 ’
517 1054 700 1135 5¹0¹¹⁸3
752 1052 1023 1139 ἐρέσθαι
1069 1054 1293 1121 solum
1341 1054 1535 1120 omni
1597 1063 1702 1119 est
1761 1053 2057 1119 liberum
2109 1051 2639 1135 adiunctione.¹)
2732 1052 2857 1117 Ce-

517 1169 741 1226 terum
792 1160 1004 1226 etiam
1053 1162 1138 1227 ad
1189 1160 1314 1251 ἕφη
1363 1160 1645 1226 additur
1688 1162 1920 1247 λέγων
1980 1160 2140 1225 5¹²⁰·
2186 1198 2265 1211 --
2316 1158 2527 1227 certis
2586 1158 2854 1225 seilicet

513 1272 789 1332 tantum
826 1267 1014 1352 locis,
1063 1288 1358 1355 quorum
1391 1268 1476 1333 de
1523 1276 1781 1333 natura
1826 1273 2068 1354 postea
2116 1265 2511 1332 accuratius
2542 1265 2853 1333 dicturus

511 1396 664 1439 sum
713 1413 796 1421 --
844 1381 1206 1462 praeterea
1255 1376 1338 1439 ad
1390 1396 1637 1440 vocem
1678 1383 1803 1464 χρᾷ
1848 1374 1883 1439 I
1928 1374 2049 1456 623
2111 1373 2255 1439 VII
2300 1374 2434 1441 220
2478 1380 2549 1438 et
2594 1365 2851 1458 ἠγόρευε

509 1480 545 1545 1
591 1481 698 1564 60,
746 1481 858 1546 ΙΧ
904 1482 1010 1549 98.

725 1588 819 1653 Et
884 1588 1058 1654 haec
1117 1589 1175 1654 si
1234 1595 1520 1677 reputas
1583 1597 1653 1655 et
1716 1589 1777 1657 si
1822 1588 1996 1655 illud
2044 1610 2321 1674 quoque
2382 1586 2600 1670 addis,
2662 1585 2845 1673 quod

509 1696 596 1761 ad
657 1694 1050 1762 istiusmodi
1109 1696 1358 1779 verba,
1429 1697 1516 1761 de
1573 1696 1823 1784 quibus
1882 1718 2093 1785 supra
2154 1695 2333 1779 dixi,
2396 1692 2845 1783 participium

511 1804 596 1869 18
613 1804 716 1847 ¹⁹⁰⁸
763 1803 1167 1869 adiunctum
1232 1811 1338 1870 est
1397 1826 1526 1870 nee
1591 1804 1894 1889 omittis,
1957 1806 2142 1891 quod
2202 1803 2385 1869 inter
2442 1800 2843 1889 quindecim
2918 1814 2927 1822 '

503 1909 693 1975 locos
727 1910 845 1997 qui
877 1918 1247 1997 supersunt
1286 1911 1526 1977 decem
1572 1912 1709 1977 loci
1756 1911 2273 1978 substantivum
2318 1910 2480 1979 ἔπεα
2510 1908 2626 1975 vel
2654 1909 2844 1994 λόγος
2960 1950 2969 1957 ·

501 2016 766 2081 habent
811 2018 993 2084 sicut
1039 2017 1502 2104 προισχόμενος
1547 2016 1709 2085 ἔπεα
1756 2018 1910 2085 τάδε
1956 2019 2068 2084 ΙΙΙ
2120 2019 2243 2085 137
2308 2017 2419 2083 vel
2478 2022 2843 2104 προσέφερε

501 2124 687 2209 λόγον
732 2124 978 2191 τοιόνδε
1023 2125 1135 2189 III
1203 2126 1352 2209 134,
1418 2127 1481 2190 V
1541 2126 1649 2207 30,
1712 2126 1890 2191 VIII
1954 2126 2101 2211 100,
2162 2146 2583 2213 perparvum
2646 2122 2840 2189 vides

502 2256 646 2299 esse
679 2257 1046 2300 numerum
1080 2235 1356 2301 illarum
1383 2257 1636 2301 vocum
1666 2234 1891 2322 ipsam
1924 2233 2312 2301 orationem
2336 2229 2837 2309 inducentium,

503 2362 682 2427 quae
730 2342 817 2405 ad
867 2342 1346 2428 quaestionem
1391 2350 1704 2407 nostram
1753 2341 2130 2429 pertinent.

713 2448 824 2513 Ex
901 2448 1152 2535 quibus
1221 2470 1437 2513 unum
1509 2446 1650 2513 iam
1719 2446 2197 2535 perspicuum:
2276 2446 2695 2513 contendere
2766 2442 2833 2508 id

501 2554 976 2639 Herodotum,
1064 2560 1144 2621 ut
1221 2554 1615 2622 inductorio
1693 2556 1907 2621 verbo
1986 2552 2357 2620 manifeste
2435 2550 2833 2640 praeposito

503 2660 839 2727 orationis
887 2660 1164 2727 initium
1215 2669 1453 2749 aperte
1501 2669 1863 2749 separetur
1910 2684 1949 2727 a
1999 2656 2421 2727 narrationis
2482 2656 2831 2746 aequabili

498 2790 738 2833 cursu:
789 2768 970 2834 unde
1021 2776 1175 2833 orta
1224 2776 1328 2833 est
1374 2768 1599 2834 maior
1646 2790 1855 2856 quam
1904 2768 1977 2832 in
2027 2765 2449 2833 carminibus
2496 2763 2835 2832 orationis

497 2875 767 2940 solutae
815 2875 1131 2963 gravitas
1180 2898 1334 2940 cum
1385 2874 1719 2941 tarditate
1769 2874 2142 2942 coniuncta
2190 2896 2413 2961 neque
2460 2872 2689 2939 minus
2749 2894 2833 2936 ex

497 2980 704 3045 unius
773 2980 970 3046 verbi
1040 2982 1245 3067 λέγειν
1313 3004 1548 3049 6111016
1613 2980 1834 3049 maior
1892 2981 2169 3047 dicendi
2230 2980 2507 3047 siccitas
2568 2978 2834 3045 minore

500 3086 818 3153 adhibita
867 3094 1036 3154 arte.

709 3195 901 3282 Ergo
949 3218 988 3261 a
1037 3196 1312 3283 poetica
1377 3202 1526 3261 arte
1583 3195 1964 3263 abhorrens
2024 3196 2112 3263 ad
2174 3196 2479 3285 priscum
2542 3202 2615 3261 et
2677 3195 2835 3262 sim-

496 3300 746 3387 plicem
795 3302 1090 3387 gradum
1139 3302 1480 3369 Herodoti
1528 3326 1749 3390 genus
1797 3302 2070 3369 dicendi
2119 3302 2419 3370 recessit.

708 3428 845 3492 Sed
892 3428 1026 3493 hoc
1071 3450 1214 3493 11011
1261 3429 1456 3495 valet
1503 3429 1576 3493 in
1626 3428 2063 3511 universum;
2116 3428 2330 3495 aliam
2376 3452 2521 3495 rem
2568 3436 2834 3516 specte-

494 3556 677 3599 mus:
741 3533 946 3599 huius
993 3556 1270 3621 quoque
1317 3535 1592 3622 generis
1639 3534 1915 3602 dicendi
1976 3536 2433 3605 mutationem
2496 3535 2832 3625 percipie·

493 3664 663 3705 mus,
757 3640 1091 3707 Inhaeret
1136 3642 1324 3708 enim
1382 3642 1740 3709 nonnullis
1802 3644 2030 3711 verbis
2090 3643 2315 3710 maius
2373 3643 2831 3730 subtiliusque

495 3770 787 3813 acumen
822 3747 1106 3833 aliquod
1154 3748 1300 3814 sive
1349 3750 1436 3814 ad
1485 3750 1849 3817 notionem
1882 3751 2291 3839 respicimus
2338 3750 2483 3816 sive
2518 3752 2605 3817 ad
2639 3751 2832 3818 iunc-

492 3862 744 3919 turam.

704 3960 816 4027 Sic
879 3960 1133 4027 multas
1196 3961 1460 4027 formas
1522 3987 1562 4029 a
1621 3965 1766 4049 λεγ-
1827 3964 1942 4029 vel
2010 3962 2130 4031 ἐπ-
2201 3966 2553 4033 derivatas
2623 3974 2831 4034 antea

492 4066 768 4152 quidem
796 4069 1204 4136 enumeravi
1228 4068 1422 4136 nullo
1456 4070 1694 4139 addito
1722 4071 2152 4140 discrimine:
2187 4073 2557 4141 discrimen
2580 4084 2829 4142 tamen

669 4249 718 4311 l)
755 4244 846 4299 De
872 4244 1222 4303 discrimine
1249 4248 1410 4317 quod
1437 4250 1757 4307 intercedit
1781 4252 1941 4308 inter
1966 4252 2176 4329 ἐρωτᾶν
2201 4260 2263 4310 et
2296 4255 2513 4329 ἐρέσθαι
2541 4254 2619 4311 cf.
2662 4276 2719 4331 p.
2745 4259 2830 4313 29.
