3200 4959
1535 304 1935 378 ...66-

775 504 930 571 Iam
1000 504 1480 571 Diodorum
1551 502 1902 570 adeamus.
1994 502 2109 569 Ad
2166 503 2527 571 Atticos
2598 503 2905 571 maxime

563 612 680 680 hic
727 613 1028 701 scriptor
1073 611 1401 708 admotus
1455 609 1735 677 videtur
1776 632 1909 676 nec
1956 616 2194 677 tamen
2240 611 2328 679 ad
2362 612 2659 678 eundem
2704 612 2907 679 illum

563 704 973 805 sermonem,
1023 740 1228 806 quem
1275 717 1597 784 novimus
1644 740 1731 783 ex
1778 716 2255 805 Xenophonte
2302 725 2374 785 et
2420 720 2738 805 Platone,
2784 721 2909 786 sed

565 828 656 893 ad
702 832 1053 894 mutatum
1101 825 1408 913 aliquem
1451 830 1526 890 et
1569 824 1849 911 longius
1896 846 2361 912 progressum.

783 969 937 1035 Iam
999 966 1073 1033 in
1120 967 1386 1033 ultimis
1454 966 1776 1034 Platonis
1840 966 2139 1055 dialogis
2194 967 2527 1035 usitatam
2588 991 2912 1036 nonnun-

563 1099 772 1167 quam
805 1076 1215 1143 videbamus
1247 1074 1550 1140 formam
1601 1079 1817 1164 φησιν,
1860 1074 2101 1140 eadem
2135 1074 2365 1141 forma
2395 1076 2471 1140 in
2502 1075 2909 1163 Phylarcho

562 1206 839 1274 quoque
887 1184 1148 1267 aderat,
1209 1181 1487 1269 saepius
1512 1202 1720 1247 -1111110
1767 1182 1841 1245 in
1888 1180 2198 1248 Diodoro
2256 1181 2685 1249 admittitur:
2740 1206 2911 1250 nam

562 1292 871 1379 quinque
908 1296 1211 1377 occupat
1239 1288 1430 1354 locos
1461 1286 1652 1353 XIII
1682 1288 1790 1372 28,
1815 1288 1895 1372 53
1942 1288 2086 1355 XV
2115 1289 2225 1374 87,
2250 1292 2314 1374 6,
2338 1292 2415 1373 6;
2448 1288 2664 1357 XVII
2694 1293 2803 1376 51,
2828 1293 2909 1375 23

559 1397 710 1463 XX
757 1397 864 1483 78,
889 1398 952 1463 2.

774 1520 1060 1589 Maioris
1123 1519 1462 1586 momenti
1523 1517 1716 1585 aliud
1776 1526 1901 1603 est,
1975 1520 2161 1606 quod
2222 1520 2311 1586 ad
2372 1521 2909 1590 collocationem

558 1628 931 1695 verborum
993 1628 1318 1715 pertinet.
1413 1624 1816 1692 Memineris
1877 1634 2064 1691 certe
2126 1626 2280 1712 hoc,
2365 1628 2591 1715 magis
2651 1630 2911 1718 magis-

561 1759 694 1823 que
755 1736 828 1801 id
888 1734 1236 1823 appetisse
1298 1732 1885 1821 Xenophontem,
1955 1738 2034 1798 ut
2103 1742 2546 1823 separaretur
2613 1736 2911 1804 verbum

560 1843 688 1933 ἕφη
732 1843 808 1907 in
867 1841 1020 1929 ipso
1082 1840 1363 1927 dialogo
1427 1861 1466 1903 a
1526 1861 1651 1905 suo
1714 1839 2049 1906 subiect0.
2124 1840 2660 1928 vIi'requentatur
2718 1866 2911 1911 nunc

558 1949 672 2015 hic
720 1950 871 2037 ipse
917 1970 1080 2013 usus
1129 1946 1204 2012 in
1249 1946 1562 2011 Diodoro
1610 1966 1780 2033 prae
1842 1946 2063 2012 altero
2125 1947 2268 2031 illc,
2334 1948 2454 2035 qui
2514 1948 2912 2019 subiectum

557 2078 698 2121 una
747 2078 906 2121 cum
953 2054 1169 2121 verbo
1217 2051 1750 2141 interponebat:
1819 2075 1985 2118 nam
2048 2060 2416 2141 separatur
2474 2055 2550 2119 in
2596 2056 2911 2125 Diodoro

557 2162 850 2230 verbum
899 2161 1024 2251 ἔφη
1070 2160 1276 2227 unico
1343 2182 1480 2247 quo
1543 2160 1744 2225 adest
1800 2160 1955 2226 loco
2004 2159 2193 2226 XHI
2236 2160 2345 2247 28,
2372 2164 2413 2229 6
2462 2184 2503 2228 a
2562 2185 2687 2231 suo
2747 2166 2915 2231 sub-

559 2270 762 2336 iecto.

769 2392 1067 2459 Accedit
1111 2390 1432 2475 tertium,
1494 2391 1680 2478 quod
1745 2391 1971 2458 maior
2030 2392 2281 2480 aliquis
2343 2392 2907 2483 interpositionis

560 2523 755 2567 amor
821 2524 908 2566 ex
967 2498 1276 2565 Diodoro
1337 2498 1587 2563 elucet.
1682 2497 1962 2586 Ubique
2023 2500 2208 2565 enim
2280 2502 2469 2588 apud
2536 2524 2697 2568 eum
2757 2504 2908 2592 illo,

559 2631 766 2697 quem
813 2608 1019 2673 modo
1068 2604 1637 2689 commemoravi,
1687 2605 1842 2671 loco
1906 2612 2199 2692 excepto
2262 2628 2405 2672 11011
2453 2608 2539 2673 de
2585 2609 2908 2679 faciliore

559 2717 680 2782 illa
728 2712 1262 2803 interpositione
1311 2711 1566 2798 agitur,
1617 2733 1796 2798 quae
1836 2711 1908 2775 in
1940 2710 2091 2799 ipso
2125 2710 2406 2798 dialogo
2440 2714 2655 2781 verba
2690 2716 2909 2784 inter-

559 2844 818 2912 ponere
865 2823 1062 2918 solet,
1111 2820 1233 2886 sed
1281 2820 1364 2884 de
1413 2816 1740 2906 graviore
1790 2818 2031 2902 altera,
2081 2840 2260 2904 quae
2294 2828 2574 2907 separat
2606 2823 2905 2893 verbum

557 2930 893 2996 inducens
954 2953 993 2994 a
1065 2927 1312 2993 ceteris
1382 2926 1692 2991 eiusdem
1752 2924 2139 2991 sententiae
2200 2925 2431 2992 verbis
2494 2964 2573 2976 —
2633 2931 2909 2999 scilicet

559 3037 878 3127 singulae
941 3034 1294 3101 orationes
1353 3029 1749 3098 narrationi
1808 3031 2224 3097 inseruntur.
2318 3032 2474 3099 Hoc
2535 3022 2906 3126 quinquies

561 3145 817 3213 accidit
879 3142 954 3207 in
1000 3164 1172 3209 voce
1223 3145 1420 3231 φησιν
1463 3138 1653 3204 XIII
1698 3138 1907 3220 28,5;
1956 3136 2103 3201 XX
2150 3137 2355 3223 78,2;
2404 3140 2545 3206 XV
2587 3143 2695 3228 8¹7,
2729 3148 2791 3229 6,
2824 3147 2903 3231 63

559 3252 774 3319 XVII
819 3251 1028 3334 51,2;
1093 3257 1341 3337 quater
1386 3246 1459 3312 in
1507 3267 1682 3311 voce
1730 3240 1911 3311 εἶπεν
1958 3242 2107 3309 XII
2158 3246 2363 3330 19‚2;
2427 3247 2644 3315 XVII
2689 3252 2902 3337 51,1;

559 3362 665 3445 66,
693 3360 766 3443 '73
815 3358 922 3441 51,
948 3358 1013 3422 2.

770 3504 925 3570 Iam
972 3500 1030 3567 si
1092 3504 1321 3566 totum
1369 3496 1927 3585 interpositionis
1974 3518 2177 3563 usum
2223 3497 2653 3586 respicimus,
2700 3525 2901 3590 prae-

559 3614 792 3680 valere
851 3608 1169 3675 videmus
1229 3606 1302 3671 in
1361 3605 1670 3671 Diodoro
1731 3605 1960 3693 ipsum
2007 3604 2407 3671 Atticorum
2467 3608 2899 3696 exemplum:

559 3714 1165 3807 interpositionem
1198 3712 1384 3779 enim
1417 3720 1611 3779 amat
1643 3710 1933 3777 verbum
1962 3710 2087 3801 ἔφη
2115 3750 2204 3760 -
2236 3714 2448 3779 semel
2478 3754 2569 3762 --
2600 3724 2671 3781 et
2704 3724 2902 3806 φησίν

559 3868 640 3877 -
691 3826 860 3893 5¹0¹²⁵
906 3844 1026 3886 -τ
1076 3820 1344 3887 scilicet
1389 3841 1734 3906 semper
1781 3818 2086 3885 orationi
2132 3818 2681 3907 interponuntur
2724 3823 2899 3891 haec

559 3937 805 4015 verba3
853 3926 1444 4020 praepositionem
1493 3925 1787 3991 verbum
1836 3922 2050 3991 einer:
2111 3947 2278 3991 nam
2326 3926 2401 3991 in
2446 3950 2717 3996 summa
2763 3930 2894 3998 hoc

558 4046 846 4112 verbum
919 4038 1002 4103 15
1017 4034 1126 4079 ¹0¹²ss
1195 4038 1604 4119 usurpatur,
1677 4030 2151 4117 interponitur
2218 4038 2495 4099 tantum
2566 4044 2897 4121 quattuor

559 4152 761 4232 locis3
809 4148 1132 4230 idemque
1177 4140 1324 4205 fere
1373 4136 1744 4204 discrimen
1792 4137 1978 4224 apud
2025 4136 2212 4225 ipsos
2243 4137 2521 4206 Atticos
2553 4140 2740 4208 inter
2772 4142 2896 4233 ἔφη

559 4267 630 4327 et
675 4254 857 4325 εἶπεν
903 4246 1405 4316 intercedebat.
