3200 4959
1311 320 1710 387 ‚29-

325 530 402 587 et
445 521 550 587 ita
596 520 896 608 quidem,
941 526 1026 585 ut
1069 518 1292 584 multo
1357 518 1797 606 frequentius
1856 516 1989 583 hoc
2050 516 2413 583 exhiberet
2470 540 2681 605 quam

327 628 530 694 illud.

545 734 796 821 Itaque
827 732 1146 820 quaestio
1175 754 1362 797 nunc
1395 732 1690 817 exsistit,
1738 732 1920 797 unde
1969 732 2343 819 sumpserit
2373 733 2687 798 Herodo-

331 850 444 906 tus
491 840 664 907 haec
712 840 932 905 verba
979 838 1286 905 Homero
1336 839 1601 925 ignota.

544 947 879 1013 Diversus
945 954 1052 1013 est
1111 947 1414 1034 quodam
1475 946 1685 1013 modo
1748 945 1995 1012 horum
2057 944 2433 1011 verborum
2500 968 2684 1015 usus.

333 1056 623 1142 Semper
669 1054 854 1119 enim
901 1054 1048 1118 fere
1097 1054 1180 1118 ad
1231 1075 1476 1118 vocem
1511 1050 1757 1139 ἐρωτᾶν
1798 1051 2249 1141 participium
2293 1054 2495 1140 λέγων
2540 1076 2689 1121 esse

333 1162 686 1229 adiectum
733 1160 876 1225 iam
927 1182 1140 1249 supra
1201 1158 1276 1225 in
1335 1158 1574 1225 oculos
1637 1158 1973 1241 occurrit;
2045 1166 2289 1229 contra
2350 1160 2465 1229 hic
2526 1184 2689 1228 usus

335 1292 376 1335 a
423 1269 637 1333 verbo
685 1259 1158 1353 ὑποκρίνεσθαι
1203 1274 1395 1335 totus
1443 1265 1590 1331 fere
1641 1266 1931 1331 alienus.
2026 1266 2231 1333 Unde
2293 1266 2464 1335 illud
2528 1268 2689 1335 effi-

335 1376 552 1441 citur:
604 1374 1094 1463 depromptam
1141 1395 1286 1439 esse
1335 1395 1579 1439 vocem
1630 1371 1873 1459 ἐρωτᾶν
1919 1396 2003 1438 ex
2053 1374 2337 1460 regione
2388 1377 2688 1463 quadam

335 1480 634 1566 dicendi,
705 1480 817 1546 cui
887 1478 1206 1569 inprimis
1276 1480 1557 1568 propria
1629 1480 1845 1545 fuerit
1914 1478 2267 1568 participii
2332 1480 2619 1569 additio,
2645 1488 2690 1566 ¹)

337 1588 618 1655 aliunde
651 1608 818 1653 vero
851 1588 1140 1653 verbum
1171 1580 1667 1674 ὑποκρίνεσθαι.
1740 1584 1873 1651 Sed
1908 1586 2119 1653 etiam
2146 1588 2347 1675 plura
2372 1588 2690 1666 observo,

337 1696 666 1763 Usitatur
723 1694 909 1759 enim
970 1692 1259 1759 verbum
1309 1692 1556 1780 ἐρωτᾶν
1614 1694 1689 1758 in
1750 1693 1975 1781 primo
2036 1696 2411 1785 praecipue
2473 1697 2690 1765 libro:

339 1802 560 1867 tribus
609 1800 776 1867 locis
829 1838 900 1849 —-
957 1802 1030 1865 in
1091 1819 1360 1867 summa
1422 1800 1790 1887 quinquies
1838 1839 1917 1850 —-
1966 1800 2003 1867 I
2056 1803 2159 1885 11,
2202 1802 2311 1886 88,
2364 1806 2511 1888 159,
2574 1805 2694 1893 qui

337 1908 486 1997 ipse
563 1908 736 1973 liber
803 1907 1070 1997 primus
1137 1926 1384 1973 vocem
1453 1900 1925 1995 ὑποκρίνεσθαι
1996 1908 2203 1995 plane
2272 1911 2539 1998 respuit
2608 1954 2695 1961 —

339 2014 610 2081 scilicet
679 2016 828 2081 eius
885 2014 1040 2080 loco
1103 2013 1388 2079 exhibet
1449 2006 1865 2098 ἀμείβεσθαι.
1934 2052 2012 2063 -
2074 2015 2317 2081 Simile
2380 2018 2546 2107 quid
2609 2019 2693 2085 de

339 2121 567 2209 primo
616 2122 816 2207 libro,
880 2122 1062 2209 quod
1129 2120 1216 2185 ad
1279 2120 1675 2209 imperfecti
1738 2119 1948 2207 ἔλεγεν
2009 2123 2425 2191 severiorem
2490 2130 2691 2192 usum

341 2228 760 2315 pertinebat,
785 2248 994 2315 supra
1020 2250 1086 2315 p.
1113 2228 1200 2291 24
1232 2227 1885 2293 demonstravimus.
1936 2228 2250 2314 Accedit,
2279 2234 2485 2320 quod,
2510 2234 2694 2299 sicut

341 2336 638 2403 atticum
681 2354 1072 2401 serm-onem
1121 2333 1232 2399 hic
1279 2352 1444 2401 usus
1489 2334 1889 2421 imperfecti
1946 2336 2265 2423 respicit,
2322 2338 2423 2403 ita
2479 2340 2691 2406 etiam

345 2441 876 2508 usitatissimum
911 2442 1049 2507 fuit
1082 2442 1268 2528 apud
1315 2441 1502 2528 ipsos
1535 2442 1813 2507 Atticos
1851 2442 2145 2509 verbum
2192 2436 2696 2532 ἀποκρίνεσθαι,

347 2549 534 2639 quod
586 2550 672 2615 ab
706 2548 948 2615 eadem
981 2570 1152 2617 voce
1188 2567 1326 2635 qua
1367 2542 1838 2636 ὑποκρίνεσθαι
1871 2550 2264 2617 derivatum
2312 2562 2435 2618 est.
2517 2554 2697 2633 Quid

346 2678 516 2743 ergo
574 2654 1020 2724 verisimilius
1076 2678 1288 2743 quam
1343 2656 1536 2721 vocis
1589 2649 2061 2745 ὑποκρίνεσθαι
2124 2679 2325 2725 usum
2386 2658 2699 2728 Herodo-

345 2772 538 2828 teum
586 2761 814 2852 ipsum
864 2784 1140 2849 quoque
1187 2763 1638 2829 tribuendum
1698 2786 1843 2829 esse
1894 2763 2093 2829 attici
2152 2767 2492 2831 sermonis
2551 2767 2698 2835 sive

347 2869 720 2955 analogiae
789 2868 934 2934 sive
1007 2869 1461 2937 auctoritati?
1555 2870 1749 2947 Quae
1820 2869 2223 2937 coniectura
2292 2893 2374 2939 eo
2445 2875 2701 2941 confir-

347 2988 582 3043 matur
652 2976 834 3063 quod
907 2976 1134 3042 adhuc
1194 2998 1335 3043 non
1397 2976 1625 3062 attigi.
1718 2976 1979 3065 Agitur
2048 2979 2132 3044 de
2204 2979 2429 3047 forma
2502 2980 2698 3063 ἕλεξες

351 3106 528 3173 quae
578 3083 648 3149 in
697 3083 905 3151 tertio
977 3082 1278 3173 primum
1350 3082 1895 3171 deprehenditur
1962 3082 2165 3169 libro,
2236 3108 2380 3153 non
2456 3098 2697 3173 antea;

353 3191 440 3257 ad
491 3190 623 3255 hoc
671 3189 729 3255 si
779 3189 996 3273 addis„
1046 3188 1231 3279 quod
1283 3189 1566 3277 primus,
1616 3190 1735 3277 qui
1768 3191 2053 3259 omnino
2088 3192 2219 3259 hac
2253 3195 2477 3261 utitur
2508 3218 2701 3282 voce,

355 3296 728 3384 Euripides
773 3296 916 3361 fuit
963 3297 1219 3362 atticus
1267 3304 1499 3383 poeta,
1549 3298 1773 3383 magis
1822 3300 2184 3387 magisque
2218 3300 2410 3369 vides
2458 3325 2566 3369 res
2614 3306 2699 3373 ad

354 3412 622 3469 certum
671 3404 1018 3491 quendam
1066 3403 1283 3468 finem
1333 3403 1604 3487 deduci,
1654 3426 1949 3490 quarum
1998 3404 2169 3471 haec
2230 3417 2337 3473 est
2396 3431 2699 3478 summa:

355 3510 849 3577 auctoritatem
927 3508 1126 3574 attici
1203 3508 1537 3575 sermonis
1608 3510 1803 3597 sequi
1873 3512 2289 3599 posteriores
2360 3516 2700 3585 Herodoti

354 3616 588 3699 libros,
635 3616 946 3681 nondum
995 3636 1160 3680 vero
1209 3614 1531 3701 primum.

568 3720 818 3809 Itaque
867 3720 1193 3788 cohaeret
1241 3720 1518 3807 quidem
1567 3722 1968 3789 Herodotus
2018 3749 2176 3792 cum
2223 3732 2501 3817 poetico
2564 3754 2701 3799 ser·

360 3850 563 3896 mone
609 3840 689 3894 ut
754 3828 1124 3895 verborum
1173 3828 1446 3893 delectu
1505 3828 1605 3893 ita
1665 3829 2078 3897 variationis
2138 3836 2391 3919 studio,
2440 3841 2700 3907 maiore

577 3992 628 4059 1)
665 3987 760 4043 Ad
798 3988 1110 4059 vulgarem
1148 3988 1434 4045 nimirum
1476 4004 1813 4045 sermonem
1850 3992 2099 4065 respicit
2135 4008 2257 4049 vox
2298 3994 2537 4069 ἐρωτιῖνε
2574 4003 2708 4059 vul·-

357 4079 528 4153 garis
582 4078 739 4131 enim
789 4092 987 4131 sermo
1039 4092 1218 4151 saepe
1269 4076 1515 4131 exhibet
1567 4078 1803 4151 ἐρωτᾶν,
1854 4097 2159 4147 nunquam
2213 4083 2472 4159 ἐρέσθαις
2528 4108 2703 4161 porro

361 4184 538 4239 saepe
577 4166 652 4220 ad
691 4164 835 4219 talia
863 4166 1043 4219 verba
1081 4174 1150 4219 ut
1190 4165 1399 4238 ἐρωτᾶν
1437 4164 1825 4237 participium
1864 4170 2040 4241 λέγων
2080 4166 2342 4227 adicitur
2379 4174 2455 4229 cf.
2514 4176 2703 4235 Vetus

360 4254 832 4323 Testamentum,
885 4252 1126 4308 Novum
1192 4254 1661 4325 Testamentum,
1728 4256 2399 4334 Pseudocallisthenem,
2464 4264 2701 4325 similia.
