3200 4959
1281 349 1675 417 „53-

307 545 450 611 VII
503 544 590 610 10
629 545 990 611 Socratem
1020 546 1252 611 denuo
1283 552 1690 613 narrantem
1722 544 2013 629 inducit,
2058 552 2249 611 certe
2280 546 2652 613 molestum

305 652 442 719 hoc
503 652 792 717 verbum
841 651 1044 719 nobis
1103 661 1228 718 est.
1322 653 1506 718 Nam
1569 652 1691 719 ubi
1752 651 2055 740 primum
2116 652 2307 739 loqui
2369 674 2653 719 exorsus

302 770 414 825 >est
461 758 982 843 Ischomachus,
1027 780 1250 845 usque
1295 758 1384 825 ad
1415 758 1637 825 finem
1687 759 2025 826 orationis
2072 760 2371 826 oratoris
2417 767 2655 847 partes

303 864 370 931 ei
420 865 726 931 tributae
773 872 972 931 sunt:
1033 865 1136 931 ita
1183 888 1311 932 nos
1358 864 1641 952 quidem
1689 872 2037 953 putamus.
2130 865 2473 932 Attamen
2536 888 2653 932 ex·-

307 973 742 1039 cusationem
807 972 1118 1058 aliquam
1175 972 1392 1037 habet
1436 970 1644 1037 huius
1688 971 1897 1060 primi
1956 971 2094 1038 loci
2141 992 2339 1039 usus:
2412 971 2654 1060 agitur

305 1079 496 1145 enim
541 1078 676 1146 hoc
723 1078 880 1145 loco
927 1078 1012 1145 de
1057 1078 1454 1155 iterationis
1484 1078 1607 1145 illo
1638 1102 1791 1163 usu,
1839 1079 1924 1144 de
1960 1100 2097 1165 quo
2130 1100 2341 1167 supra
2374 1079 2653 1146 locutus

305 1208 460 1251 sum
509 1185 599 1251 cf.
649 1206 715 1272 p.
761 1186 870 1249 42.
963 1185 1267 1251 Gravius
1313 1193 1420 1251 est
1463 1208 1522 1253 c.
1573 1186 1715 1251 VII
1766 1186 1885 1266 183
1956 1183 2133 1251 nihil
2180 1184 2368 1251 enim
2416 1186 2653 1251 turba-

307 1299 508 1359 verat
539 1314 756 1377 usque
791 1290 879 1357 ad
912 1291 1097 1360 hunc
1145 1291 1376 1359 locum
1408 1291 1745 1357 orationis
1776 1289 2215 1379 aequabilem
2266 1292 2653 1377 decursum,

305 1420 494 1465 nunc
543 1419 711 1465 vero·
757 1397 1025 1465 turbari
1073 1398 1420 1486 incipiunt
1466 1398 1903 1485 loquentium
1950 1404 2225 1485 partes:
2298 1420 2462 1463 nam
2524 1420 2651 1487 pro

305 1504 768 1573 Ischomache
836 1506 1162 1571 Socrates
1231 1506 1460 1573 denuo
1531 1504 1957 1571 narrationis
2028 1504 2259 1574 locum
2330 1512 2650 1593 occupat.

308 1612 446 1679 Vix
495 1612 682 1677 enim
729 1610 958 1691 oratio
1003 1620 1194 1677 reete
1239 1612 1529 1679 inducta
1576 1621 1731 1679 erat
1774 1612 2007 1700 posita
2038 1634 2211 1679 voce
2260 1610 2441 1701 ἔφην,
2490 1634 2649 1678 cum

307 1720 580 1785 deletur
622 1718 920 1807 simplex
965 1740 1192 1785 sermo
1237 1719 1593 1785 locutione
1642 1718 1769 1807 ἔφη
1816 1717 2022 1807 φάναι
2047 1756 2139 1769 --
2172 1718 2319 1785 scil.
2370 1713 2404 1784 ὃ
2449 1711 2654 1802 Ἰσχό-

306 1850 508 1909 μαχος
542 1878 555 1891 .
610 1877 624 1891 .
675 1876 690 1891 .
739 1876 752 1890 .
869 1825 1016 1889 Nec
1080 1824 1255 1891 haec
1312 1825 1649 1912 loquendi
1704 1825 2016 1891 turbatio
2076 1825 2353 1891 sufficit
2414 1826 2652 1892 Xeno-

309 1934 583 2021 phonti.
675 1932 980 1999 Gravius
1051 1940 1156 1999 est
1215 1932 1566 2021 saepius
1628 1932 1888 1998 mutari
1948 1930 2284 2019 loquendi
2348 1932 2652 1997 formam

312 2062 523 2129 quam
573 2038 820 2105 semel:
866 2040 1208 2127 recipitur
1251 2038 1424 2105 illud
1463 2038 1590 2128 ἔφη
1622 2038 1826 2127 φάναι
1856 2038 1931 2103 in
1962 2060 2020 2105 c.
2054 2039 2141 2103 22
2174 2038 2391 2105 verbo
2426 2038 2652 2127 φάναι,

309 2146 382 2211 in
445 2168 502 2212 c.
567 2146 654 2211 23
714 2144 1068 2212 locutione
1139 2145 1264 2235 ἔφη
1334 2145 1569 2234 φάναι,
1643 2146 1891 2211 deinde
1958 2168 2159 2212 vero·
2198 2142 2359 2234 ἔφην
2423 2146 2653 2213 denuo

311 2260 606 2341 apparet
641 2290 718 2301 ·-
757 2277 814 2317 c.
865 2253 953 2317 30
997 2290 1082 2301 —--
1131 2274 1212 2318 eo
1261 2253 1489 2338 modo,
1539 2259 1621 2318 ut
1666 2253 2046 2319 succedant
2090 2252 2165 2317 in
2212 2276 2271 2317 c.
2320 2252 2655 2318 30verba

311 2356 438 2449 ἔφη
497 2358 720 2447 φάναι.
814 2358 960 2423 Nec
1030 2358 1259 2424 minus
1325 2368 1542 2424 vexat
1610 2358 1783 2424 illud
1855 2357 1979 2447 ἔφη
2040 2352 2077 2425 ὁ
2134 2351 2513 2443 Ἰσχόμαχος
2580 2359 2654 2424 in

315 2490 371 2532 c.
421 2466 544 2530 38:
593 2462 1002 2552 praesertim
1037 2486 1194 2529 cum
1227 2466 1597 2553 postremis
1652 2464 2096 2531 Ischomachi
2130 2463 2361 2530 verbis
2394 2464 2533 2531 VII
2565 2466 2651 2530 43

311 2581 576 2639 τοιαῦτα
643 2572 759 2655 μὲν
827 2560 881 2635 ὦ
951 2571 1284 2657 Σώκρατες
1349 2573 1516 2637 δοκῶ
1582 2578 1961 2660 μεμνῆσθαι
2044 2564 2205 2659 αὕη*
2272 2570 2353 2637 τὰ
2422 2580 2651 2659 πρῶτα

307 2679 674 2761 διαλεχθείς
719 2686 948 2745 totum
998 2676 1422 2763 colloquium
1469 2680 1558 2743 ab
1597 2677 1733 2745 hoc
1776 2678 1930 2766 ipso
1962 2677 2423 2745 Ischomache
2470 2677 2646 2744 rela-

313 2793 463 2856 tum
507 2806 656 2851 ease
703 2792 950 2872 aperte
997 2791 1332 2852 statuant.

525 2928 676 2992 Iam
751 2933 936 2991 certe
999 2927 1390 3012 quaeritur,
1462 2925 1648 2992 unde
1709 2924 2073 2991 effluxerit
2129 2923 2302 2991 haec
2375 2925 2654 2990 dicendi

313 3030 805 3100 inconstantia.
899 3032 1377 3098 Imitationem
1425 3030 1619 3099 illam
1666 3030 2064 3097 memineris
2098 3030 2469 3097 cottidiani
2518 3054 2655 3097 ser-

314 3140 558 3225 moniS,
593 3138 992 3205 memineris
1018 3138 1334 3226 inprimis
1358 3137 1917 3227 interpositionis
1947 3138 2427 3204 iterationem:
2464 3146 2652 3204 certe

315 3248 650 3313 concedes
709 3246 1002 3313 similem
1071 3244 1304 3311 valere
1375 3244 1488 3311 hic
1559 3268 1835 3335 quoque
1905 3244 2420 3311 auctoritatem.
2510 3244 2653 3310 Sed

314 3352 680 3421 molestum
729 3350 838 3417 his
885 3352 975 3416 fit
1019 3352 1212 3436 locis,
1262 3342 1445 3438 quod
1479 3352 1919 3419 tolerandum
1969 3364 2121 3416 erat
2166 3350 2239 3415 in
2288 3350 2427 3417 illis
2475 3350 2652 3416 desi-

315 3460 771 3547 deramusque
819 3466 1225 3524 accuratum
1273 3480 1682 3527 sermonem.

527 3600 865 3667 Similiter
920 3621 1032 3665 res
1092 3620 1162 3663 se
1225 3598 1439 3664 habet
1497 3601 1574 3665 in
1637 3600 1957 3667 Platonis
2028 3599 2370 3665 Convivio
2444 3605 2655 3686 atque

315 3707 748 3775 Parmenide.
843 3706 1152 3774 Narrant
1199 3705 1384 3773 enim
1429 3706 1903 3793 Apollodorus
1947 3706 2023 3771 in
2071 3706 2441 3791 ConviviO,
2485 3706 2656 3774 Adi-

315 3820 597 3881 mantus
629 3813 702 3879 in
735 3811 1152 3881 Parmenide
1187 3810 1534 3898 colloquia
1568 3811 1827 3901 aliqua,
1860 3834 2038 3901 quae
2070 3813 2205 3901 ipsi
2238 3812 2657 3879 audiverant

317 3923 403 3991 ab
453 3921 640 3987 aliis:
691 3920 1163 4007 Apollodorus
1207 3920 1296 3985 ab
1343 3918 1811 4005 Aristodemo,
1860 3918 2283 3986 Adimantus
2332 3919 2419 3985 ab
2452 3918 2654 3985 Anti-

317 4027 616 4117 phonte;
689 4048 857 4113 ergo
923 4026 1158 4112 agitur
1203 4047 1345 4092 non
1407 4026 1491 4092 de
1538 4024 1854 4113 pluribus
1918 4024 2303 4111 colloquiiS,
2362 4047 2657 4113 quorum

319 4134 505 4199 aliud
570 4134 642 4197 in
705 4132 892 4198 aliud
959 4132 1317 4217 inseritur,
1389 4132 1506 4197 sed
1578 4133 1664 4197 de
1723 4154 1864 4198 uno
1926 4138 2223 4198 tantum.
2296 4132 2657 4221 ‚Attamen

317 4238 699 4307 similitudo
749 4238 1092 4324 quaedam
1143 4239 1342 4304 adest
1389 4238 1571 4304 inter
1609 4233 1735 4304 hos
1781 4236 2098 4324 dialogos
2147 4242 2217 4302 et
2250 4236 2657 4309 Oeconomi-
