3200 4959
1253 320 1651 393 „mm

277 516 466 606 quod
511 524 754 585 tamen
797 519 962 585 inde
995 524 1390 605 excusatur,
1415 521 1627 609 -quod
1658 520 1768 587 his
1798 520 1971 587 locis
2000 521 2306 589 orationi
2338 518 2622 611 insuper

276 626 574 693 verbum
635 625 764 715 ἔφη
823 626 1315 715 interponitur.
1409 624 1604 715 Ergo
1664 624 2047 693 Hellenicis
2111 628 2433 695 relictum
2492 636 2621 715 est,

277 741 359 799 ut
403 732 693 799 liberius
737 740 1102 801 uterentur
1130 733 1350 801 verbo
1389 728 1736 821 ἄρχεσθαι.
1802 735 1961 801 Hoc
1988 735 2091 801 ita
2122 736 2409 819 accidit3
2456 758 2621 802 nam

278 862 418 907 uno
481 847 759 907 tantum
823 839 1026 906 huius
1090 839 1318 928 operis
1375 838 1530 907 loco
1593 838 1698 907 IV
1748 843 1807 926 1,
1840 842 1927 907 33
1988 838 2205 907 verba
2262 852 2377 909 τοῦ
2433 843 2623 929 λόγου

279 968 438 1013 cum
483 968 657 1013 voce
702 940 1025 1034 ἄρχεσθαι
1080 948 1456 1015 coniuncta
1501 956 1669 1014 sunt
1714 955 1785 1013 et
1832 948 2113 1036 quidem
2146 970 2303 1015 cum
2336 950 2620 1017 insolita

279 1052 498 1120 activi
545 1052 772 1119 forma
824 1042 1003 1144 ἦρξεε
1051 1062 1302 1120 contra
1345 1054 1593 1121 ceteris
1638 1054 1813 1121 locis
1859 1055 1963 1123 VI
2008 1058 2071 1139 3,
2096 1058 2137 1121 3
2184 1062 2259 1121 et
2303 1056 2445 1123 VII
2490 1059 2553 1143 3,
2580 1060 2621 1124 7

280 1161 570 1229 verbum
635 1154 959 1247 ἄρχεσθαι
1019 1158 1244 1226 solum
1301 1170 1378 1227 et
1433 1162 1701 1229 nudum
1762 1160 2065 1229 orationi
2125 1162 2621 1251 praemittitur.

279 1268 616 1333 Attamen
649 1266 912 1355 dialogi
951 1286 1227 1353 quoque
1260 1266 1395 1334 hoc
1425 1268 1719 1334 verbum
1753 1268 2049 1335 habent:
2084 1270 2305 1336 Oonv.
2338 1271 2537 1356 Vm,
2584 1274 2619 1337 1

278 1384 503 1441 καινοῦ
541 1370 731 1461 λόγου
782 1383 1118 1463 κατῆρχεν;
1180 1375 1386 1443 Mem.
1433 1374 1540 1441 IV
1584 1376 1647 1459 2,
1672 1376 1716 1440 5
1760 1385 1873 1443 τοῦ
1918 1374 2109 1463 λόγου
2152 1370 2477 1463 ἄρχεσθαι
2526 1376 2621 1444 ἐν·

277 1486 544 1561 τεῦθον,
593 1479 844 1567 quibus
887 1480 1162 1547 duobus
1187 1481 1368 1547 locis
1391 1500 1550 1549 cum
1583 1481 1933 1547 adiectum
1966 1482 2061 1549 sit
2086 1483 2261 1548 illud
2314 1483 2504 1571 λόγου
2536 1520 2623 1537 -·-·

279 1586 544 1654 scilicet
602 1609 790 1654 nova
837 1608 978 1653 vox
1037 1596 1438 1677 κατῆρχεν
1490 1587 1833 1654 additioni
1893 1588 2187 1655 favebat
2247 1626 2330 1641 --·
2392 1591 2625 1657 denuo

279 1696 754 1762 coniecturam
842 1694 1036 1761 illam
1127 1694 1623 1761 confirmatam
1700 1695 2061 1790 videmusn
2114 1716 2327 1783 quam
2400 1697 2623 1763 secuti

279 1810 705 1893 postremum
780 1801 1013 1869 locum
1089 1800 1274 1868 inter
1341 1802 1839 1891 Xenophontis
1906 1802 2170 1891 scripta
2239 1804 2621 1871 Hessenicis

277 1911 774 1977 tribuebamus.

491 2016 606 2083 Sic
655 2018 744 2083 ad
789 2012 1188 2083 libertatem
1231 2012 1568 2082 maiorem
1616 2016 1893 2083 dicendi
1924 2024 2349 2105 postremum
2383 2016 2621 2083 Xeno-

279 2124 568 2211 phontis
610 2123 950 2211 scriptum
1003 2122 1342 2211 procedit.

491 2228 704 2297 Cuius
749 2230 980 2295 simile
1023 2228 1192 2317 quid
1237 2229 1312 2293 in
1361 2228 1502 2295 alia
1549 2250 1723 2295 voce
1772 2228 2255 2295 observamus:
2316 2250 2453 2316 qua
2500 2230 2622 2296 ob-

281 2345 558 2405 servata
638 2338 724 2403 ad
789 2356 938 2402 rem
1005 2335 1311 2423 aliquam
1368 2335 1812 2421 deducimur,
1896 2358 2107 2423 quam
2188 2358 2401 2424 supra
2480 2336 2621 2403 iam

281 2444 510 2531 attigi.
603 2438 772 2509 Dixi
823 2442 1008 2509 enim
1069 2449 1280 2508 antea
1325 2466 1392 2531 p.
1448 2444 1530 2508 18
1576 2443 1711 2509 hoc
1762 2444 1951 2508 fere:
2020 2443 2365 2508 vocabula
2429 2444 2623 2511 velut

275 2557 452 2637 βοᾶν,
523 2544 922 2635 ἀμείβεσθαι
988 2549 1244 2617 similia
1311 2570 1457 2615 non
1523 2549 1933 2616 satisfacere
2009 2549 2420 2631 inductioni,
2498 2550 2619 2615 ubi

277 2658 579 2747 primum
625 2664 1072 2746 usurpantur,
1121 2656 1238 2722 sed
1290 2656 1625 2742 coniungi
1672 2657 1893 2721 solere
1942 2677 2101 2721 cum
2132 2656 2354 2722 verbo
2382 2656 2621 2744 aliquo

277 2765 554 2831 dicendi
585 2764 780 2830 velut
811 2756 1233 2849 ἀμειβόμενος·
1257 2768 1578 2851 προσέφη.
1616 2800 1700 2813 -··
1735 2760 1997 2828 Deerat
2026 2762 2202 2828 tum‘
2226 2763 2623 2829 accuratius

279 2872 484 2939 huius
529 2872 630 2937 rei
677 2878 1202 2958 argumentuim
1261 2870 1394 2936 hoc
1439 2890 1629 2936 nunc
1677 2870 2013 2937 habemus
2058 2872 2117 2938 si
2160 2892 2363 2938 usum
2410 2872 2620 2961 inspi-

280 2979 500 3045 cimus
559 2977 750 3044 vocis
807 2970 1172 3061 ὑπολαβεῖν.
1265 2976 1374 3041 Ad
1439 2976 1784 3044 Herodoti
1846 2998 2235 3043 sermonem
2301 2981 2623 3046 attenda-

278 3108 462 3170 mus,
527 3084 714 3174 apud
761 3104 966 3172 quem
1011 3104 1220 3172 saepe
1265 3084 1719 3172 participium
1764 3078 2107 3171 ὑπολαβών
2156 3086 2489 3173 legimus:
2550 3094 2623 3152 et

279 3192 557 3279 quidem
583 3191 978 3280 appositum
1003 3190 1090 3257 ad
1117 3189 1242 3281 ἔφη
1264 3188 1379 3256 vel
1403 3187 1584 3257 εἶπεν
1610 3192 1699 3257 cf.
1725 3191 1782 3275 I,
1810 3194 1919 3273 113
1946 3188 2068 3275 VI,
2094 3192 2251 3274 139;
2277 3214 2621 3280 nusquam

279 3308 513 3365 tamen
575 3298 790 3364 verbo
849 3298 1062 3364 finito
1113 3292 1392 3383 ὑπέλαβε
1437 3296 1837 3363 Herodotus
1885 3296 2275 3365 orationem
2322 3300 2619 3365 induxit.

279 3406 684 3493 Sequuntur
728 3404 914 3470 hunc
961 3403 1192 3492 ipsum
1251 3424 1452 3469 usum
1507 3403 1737 3492 prima
1798 3424 2077 3492 quoque
2122 3404 2620 3493 Xenophontis

279 3512 573 3602 scriptat
642 3532 805 3577 nam
852 3510 1128 3598 saepius
1174 3510 1290 3576 hic
1335 3510 1786 3599 participium
1844 3505 2187 3597 ὑπολαβών
2231 3514 2315 3577 ad
2367 3512 2621 3578 oratio·

279 3642 436 3687 nem
469 3619 935 3686 inducendam
983 3616 1379 3683 admittitur
1415 3656 1496 3667 -
1527 3618 1835 3684 Anaban.
1884 3618 1959 3683 II
1996 3620 2051 3701 1,
2084 3620 2198 3700 153
2250 3619 2359 3684 111
2413 3622 2468 3703 1,
2498 3622 2619 3703 333

281 3728 535 3818 Cyrop.
568 3727 644 3791 ΙΙ
675 3726 840 3809 2,2;
887 3724 992 3791 IV
1043 3724 1168 3808 1‚9
1219 3758 1321 3806 --,
1371 3744 1731 3810 nunquam
1762 3724 2054 3790 verbum
2086 3725 2395 3791 finitum.
2465 3726 2623 3791 Hoc

281 3843 628 3903 mutatum
677 3839 782 3901 est
827 3832 902 3898 in
948 3818 1449 3921 posterioribus
1496 3830 1811 3921 scriptis:
1868 3830 2296 3919 exstirpatur
2342 3854 2619 3919 prorsus

280 3939 753 4031 participium,
817 3938 1203 4005 orationem
1251 3958 1416 4003 vero
1479 3936 1751 4003 inducit
1798 3937 2087 4003 verbum
2140 3937 2464 4003 finitum:
2528 3938 2618 4004 cf.

283 4050 498 4116 Conv.
561 4046 664 4113 IV
709 4046 796 4111 22
853 4038 1201 4129 ὖπέλαβεν;
1272 4042 1615 4111 Hellenic.
1669 4043 1773 4109 IV
1825 4044 1882 4127 1,
1910 4044 1949 4109 7
1998 4036 2332 4127 ὑπολάβω.
2428 4043 2620 4129 Ergo

281 4154 350 4221 in
397 4157 530 4221 hac
579 4172 854 4241 quoque
903 4172 1073 4215 voce
1122 4150 1272 4237 ipsa
1315 4150 1815 4237 Xenophontis
1862 4149 2123 4236 scripta
2172 4168 2617 4237 progressum

281 4262 626 4352 quendam
673 4258 1058 4326 continent.
