3200 4959
1527 346 1923 413 -23-

557 540 617 606 si
661 540 950 628 respicis
994 540 1200 607 huius
1245 540 1462 625 vocis,
1509 540 1891 607 manifesto
1938 541 2345 607 distinctam
2404 564 2560 608 eam
2618 543 2825 611 vides
2876 568 2923 610 a

555 647 804 713 ceteris
849 646 1082 713 verbis
1117 646 1475 731 omnibus3
1527 646 1701 713 haec
1736 648 1923 713 enim
1954 648 2163 715 modo
2196 648 2437 714 statim
2472 651 2925 717 antecedunt

553 752 858 821 orationi
904 754 1112 821 modo
1161 753 1478 821 seiuncta
1525 761 1690 820 sunt
1736 753 1828 820 ab
1860 755 2007 821 eius
2040 754 2279 823 initio:
2329 766 2454 821 aut
2486 756 2921 845 interposito

555 859 904 929 subiecto:
952 860 1162 947 ἔλεγεν
1191 854 1231 948 ἢ
1263 860 1416 949 γυνή
1464 860 1647 927 sicut
1691 861 1729 926 I
1766 863 1869 945 11,
1914 862 2025 946 30,
2056 863 2163 947 38,
2197 864 2285 929 39
2320 870 2443 928 aut
2488 861 2922 951 interposito

551 966 902 1054 personali
951 966 1248 1053 obiect0,
1299 968 1386 1035 ad
1435 968 1622 1055 quod
1682 975 1959 1055 spectat
2022 968 2273 1053 oratio,
2339 967 2513 1055 ἔλεγε
2574 968 2740 1057 πρὸς
2796 970 2925 1037 τὸν

555 1072 758 1162 Γύγην
816 1074 854 1139 Ι
897 1075 962 1158 8,
1001 1074 1089 1140 36
1151 1081 1275 1140 aut
1333 1082 1631 1161 utraque
1680 1096 1851 1140 voce
1910 1076 2080 1161 λέγει
2138 1075 2303 1162 πρὸς
2346 1068 2540 1141 αὐτὸν
2586 1069 2621 1141 ὃ
2666 1081 2925 1165 νεηνίης

550 1180 587 1244 Ι
617 1182 706 1247 37
755 1188 875 1246 aut
923 1181 1077 1248 aliis
1125 1178 1485 1249 vocabulis
1531 1180 1685 1247 τάδε
1730 1187 1861 1249 etc.
1911 1182 1947 1246 I
1992 1182 2056 1266 8,
2111 1184 2211 1248 11.
2304 1180 2463 1248 Vox
2511 1204 2677 1249 vero
2726 1206 2920 1271 quae

551 1294 657 1354 est
703 1286 828 1378 ἔφη
874 1310 1013 1355 uno
1061 1295 1340 1353 tantum
1388 1296 1685 1375 excepto
1732 1288 1888 1354 loco
1937 1289 1973 1353 I
2026 1288 2153 1355 128
2198 1310 2339 1355 non
2380 1289 2587 1355 modo
2635 1311 2923 1377 semper

552 1394 794 1460 statim
843 1394 1198 1461 antecedit
1259 1394 1654 1461 exordienti
1703 1394 2005 1462 orationi
2066 1395 2103 1459 Ι
2154 1397 2256 1479 11,
2321 1395 2487 1477 1153
2550 1394 2693 1461 VII
2760 1395 2922 1479 101,

557 1502 703 1585 103,
749 1499 870 1567 sed
917 1501 1132 1567 etiam
1180 1501 1240 1567 si
1271 1524 1414 1567 non
1450 1501 1804 1567 antecedit
1836 1522 2111 1590 semper
2142 1501 2274 1589 ipsi
2308 1502 2781 1589 interponitur
2820 1542 2921 1550 ——-

552 1608 736 1696 quod
785 1608 1071 1675 omnino
1103 1631 1366 1675 novum
1399 1608 1556 1674 fuit.
1637 1606 1784 1673 Nec
1817 1615 2056 1674 tamen
2089 1606 2448 1695 quibusvis
2477 1608 2651 1675 locis
2698 1608 2923 1674 inter-

555 1716 840 1803 ponitur
885 1716 1004 1781 sed
1051 1716 1293 1803 paucis
1338 1714 1497 1798 illis,
1547 1714 1799 1803 quibus
1846 1724 1971 1782 aut
2037 1714 2291 1782 transit
2352 1712 2635 1802 obliqua
2685 1716 2922 1783 oratio

453 1868 462 1877 -
555 1822 626 1887 in
675 1822 1016 1888 directam
1062 1822 1099 1887 Ι
1151 1823 1297 1905 118,
1349 1823 1496 1905 125,
1560 1822 1673 1887 ΙΠ
1725 1824 1873 1907 136,
1934 1822 2046 1888 IX
2092 1823 2135 1886 2
2183 1830 2309 1888 aut
2370 1822 2598 1890 denuo
2659 1822 2925 1910 incipit

557 1928 808 2013 oratio,
858 1951 1034 2018 quae
1083 1928 1325 2017 paucis
1371 1929 1604 1995 verbis
1652 1938 1817 1995 ante
1864 1928 2261 1996 intermissa
2308 1936 2480 1997 erat.

769 2072 978 2139 Hunc
1024 2071 1449 2160 singularem
1497 2093 1699 2139 usum
1746 2080 1827 2139 ut
1872 2072 2365 2159 intellegamus
2411 2072 2695 2160 eiusque
2750 2096 2919 2141 cau-

555 2202 666 2245 sas
713 2177 1234 2267 perspiciamus,
1293 2186 1604 2244 ceterum
1650 2179 1845 2245 vocis
1892 2201 2091 2245 usum
2154 2186 2547 2267 spectemus
2608 2186 2915 2267 oportet.

555 2284 974 2369 Memineris,
1023 2294 1456 2373 quantopere
1521 2308 1649 2374 per
1710 2286 2147 2355 saeculorum
2195 2286 2563 2353 decursum
2629 2286 2911 2353 oblitte-

554 2399 710 2460 rata
756 2392 846 2458 sit
902 2415 1042 2460 vox
1104 2391 1248 2481 ἔφη,
1312 2413 1737 2481 quamquam
1805 2394 1993 2481 apud
2056 2394 2445 2459 Homerum
2508 2393 2913 2483 saepissime

557 2500 949 2587 legebatur:
1021 2499 1292 2565 scilicet
1337 2498 1711 2587 Euripides
1758 2520 1897 2567 uno
1968 2507 2248 2567 tantum
2296 2499 2449 2566 loco
2498 2522 2653 2567 eam
2700 2500 2915 2568 habe-

559 2609 696 2675 bat.
787 2606 1016 2673 Huius
1063 2606 1279 2673 taedii
1325 2629 1570 2675 causas
1617 2607 1797 2673 mihi
1841 2608 2085 2675 videor
2132 2629 2574 2694 cognoscere,
2637 2606 2757 2675 ubi
2818 2610 2912 2675 ad

555 2713 752 2780 illum
800 2736 1002 2779 usum
1053 2714 1364 2799 attendo,
1414 2714 1532 2803 qui
1579 2712 1901 2802 inprimis
1961 2716 2148 2802 apud
2214 2714 2653 2781 Herodotum
2716 2716 2913 2783 verbi

554 2818 681 2909 ἔφη
725 2819 1050 2909 proprius
1103 2830 1230 2890 est.
1321 2820 1548 2889 Multo
1611 2821 1801 2887 enim
1864 2821 2023 2910 plus
2085 2843 2297 2908 quam
2360 2820 2749 2889 orationem
2809 2822 2913 2887 di·

553 2934 819 2995 rectam
875 2928 1052 2995 illud
1114 2926 1240 3017 ἔφη
1300 2928 1657 3016 obliquam
1716 2928 2011 3013 inducit,
2072 2927 2333 3017 quippe
2397 2950 2576 3016 quae
2638 2950 2915 3017 semper

553 3036 700 3101 fere
748 3034 838 3101 ab
885 3034 1018 3101 hac
1067 3058 1240 3101 voce
1287 3036 1681 3124 dependere
1725 3035 1973 3102 soleat.
2068 3035 2254 3114 Quin
2310 3034 2525 3102 etiam
2584 3034 2709 3101 ubi
2772 3034 2913 3102 alia

555 3163 1034 3229 quaecumque
1081 3142 1297 3208 verba
1361 3142 1637 3208 dicendi
1689 3140 1994 3208 orationi
2056 3140 2385 3229 obliquae
2450 3141 2912 3229 praemittun-

554 3256 672 3313 tur
717 3248 830 3313 vel
876 3248 1407 3333 intercalantur,
1457 3248 1639 3314 adici
1688 3248 1787 3313 eis
1834 3247 2011 3313 solet
2045 3247 2232 3335 apud
2281 3247 2719 3313 Herodotum
2752 3268 2912 3334 par·

555 3353 876 3442 ticipium
926 3355 1058 3443 φάς
1078 3360 1159 3437 ¹):
1209 3378 1338 3421 nec
1387 3377 1554 3420 vero
1602 3376 1804 3419 versa
1853 3352 2005 3419 vice
2053 3352 2507 3442 participium
2554 3352 2755 3439 λέγων
2784 3376 2910 3419 un-

556 3484 765 3549 quam
831 3462 920 3525 ad
981 3484 1226 3527 vocem
1293 3460 1418 3549 ἕφη
1481 3460 1765 3526 additur
1824 3460 1961 3525 nisi
2022 3460 2159 3525 illis
2219 3460 2413 3543 Ιοοὶε,
2476 3448 2728 3548 quibus
2774 3459 2908 3524 hac

557 3566 917 3655 participii
965 3567 1324 3633 additione
1371 3567 1440 3631 id
1491 3567 1727 3631 studet
1758 3565 2076 3653 scriptor,
2125 3572 2205 3631 ut
2236 3565 2679 3650 sententiam,
2730 3587 2907 3653 quae

557 3675 644 3740 ab
706 3672 831 3762 ἔφη
890 3676 1092 3759 λέγων
1154 3674 1534 3763 dependet,
1612 3682 1887 3762 partem
1949 3672 2309 3761 amplioris
2368 3670 2702 3739 orationis
2762 3695 2909 3738 esse

557 3780 917 3847 ostendat:
989 3780 1136 3846 sive
1183 3780 1398 3847 verba
1446 3780 1788 3846 nonnulla
1834 3780 2016 3845 sicut
2064 3779 2166 3845 VI
2204 3778 2295 3847 68
2340 3776 2406 3844 ἐν
2451 3788 2626 3843 τοῖσι
2670 3783 2908 3844 νείκεσι

556 3911 630 3955 re
663 3909 830 3955 vera
864 3886 1273 3975 ampliorem
1307 3887 1522 3953 fuisse
1569 3886 1886 3952 indicant
1919 3908 2129 3973 quam
2158 3887 2463 3951 refertur
2494 3908 2536 3949 a
2566 3885 2907 3972 scriptore

774 4103 826 4171 1)
865 4101 1070 4156 Pauca
1107 4099 1432 4155 sufficiant
1467 4099 1654 4155 huius
1692 4099 1781 4153 rei
1818 4098 2121 4171 exempla:
2174 4098 2422 4154 additur
2459 4094 2567 4167 φάς
2617 4096 2691 4151 ad
2742 4099 2903 4169 ἔλεγε

555 4196 576 4249 1
619 4193 751 4260 1223
789 4190 874 4247 IV
899 4192 1000 4259 465
1039 4189 1090 4245 V
1121 4192 1218 4259 183
1255 4190 1334 4244 ad
1371 4191 1525 4249 ἔλεξέ
1545 4210 1644 4259 σφι
1682 4184 1851 4261 λόγον
1888 4188 1919 4243 Ι
1950 4192 2083 4257 141;
2119 4188 2197 4243 ad
2233 4189 2385 4248 ἔλεξε
2424 4186 2509 4242 Vl
2536 4186 2634 4256 823
2671 4185 2747 4241 ad
2785 4185 2909 4242 εἶπε

533 4280 643 4354 ,VI
683 4284 751 4337 67
768 4299 782 4353 ;
822 4280 899 4336 ad
931 4286 1042 4357 χρᾷ
1077 4278 1132 4335 V
1171 4280 1270 4349 673
1307 4278 1384 4335 ad
1420 4270 1681 4353 (ἱμείρετο
1719 4277 1768 4331 V
1810 4280 1907 4350 393
1948 4277 2026 4333 ad
2062 4270 2325 4350 ἐπώμοσε
2359 4276 2444 4331 VI
2482 4279 2551 4331 65
2590 4280 2701 4330 etc.
