3200 4959
1519 293 1963 361 —14-

564 488 898 555 tfimliche
947 490 1468 583 Wortstellung
1516 488 1629 555 bei
1676 488 1943 577 inquit:
2014 488 2283 557 Archiv
2330 490 2447 557 fiir
2504 487 2931 557 lateinische

563 596 1130 685 Lexikographie
1179 597 1242 662 V
1289 618 1356 684 p.
1405 597 1556 663 576.

775 722 996 787 Porro
1047 721 1198 808 agit
1243 722 1328 787 de
1375 720 1683 786 formula
1730 709 1771 808 ἧ
1814 712 1874 785 δ’
1908 714 1979 798 ὃς
2024 720 2110 786 Α.
2157 719 2539 788 Ludwioh:
2590 721 2703 787 die
2746 720 2925 787 For-

561 827 702 893 mel
769 816 962 915 ἧδ’ὃς
1029 828 1103 892 in
1172 828 1412 893 Museo
1483 826 1831 893 Rhenano
1878 826 2055 891 XLI
2115 850 2183 915 p.
2230 827 2607 911 437-453,
2680 828 2767 893 de
2810 822 2919 895 ὅτι

565 934 862 1021 denique
909 934 1280 1000 recitativo
1331 934 1403 1001 C.
1455 934 1544 999 H.
1595 932 1921 1020 Spicker:
1986 932 2363 999 Gebrauch
2410 956 2554 999 von
2601 929 2703 1001 ὅτι
2748 933 2919 999 oder

563 1034 652 1119 ὥς
720 1040 794 1106 in
877 1040 1198 1107 direkten
1271 1039 1831 1126 Anfiihrungen:
1922 1039 2389 1126 Philological
2468 1039 2915 1107 Assooiation

563 1146 951 1213 Baltimore
997 1148 1060 1213 3.
1109 1146 1289 1213 NoV.
1353 1147 1542 1213 1882.

775 1272 1074 1338 Accedit
1117 1272 1187 1339 J.
1237 1270 1538 1355 Vahlen,
1597 1271 1719 1358 qui
1778 1270 2201 1359 paucissima
2261 1270 2559 1337 adnotat
2617 1270 2707 1337 ad
2768 1270 2915 1357 „in-

566 1378 762 1465 quit“
811 1378 1012 1444 verbi
1060 1400 1262 1444 usum
1310 1378 1384 1443 in
1415 1378 1659 1443 Indice
1706 1378 1865 1443 lect.
1898 1377 2133 1444 Berol.
2180 1377 2425 1443 aestiV.
2476 1378 2648 1445 1902
2694 1400 2761 1465 p.
2806 1377 2913 1443 16.

747 1477 1151 1569 'Praeterea
1197 1502 1373 1567 nihil
1422 1502 1697 1567 inveni:
1762 1522 2187 1589 quamquam
2252 1501 2519 1589 perlegi
2580 1500 2909 1567 Bursiani

561 1609 874 1674 Annales
903 1609 1032 1675 sub
1069 1610 1242 1695 „Ars
1274 1608 1808 1695 grammatica“,
1834 1608 1962 1673 Ed.
1990 1608 2308 1674 Norden:
2348 1608 2613 1673 Antike
2644 1610 2913 1674 Kunst-

561 1736 788 1802 prosa,
823 1714 1003 1782 Rud.
1040 1714 1314 1781 Hirzel:
1350 1715 1492 1779 Der
1522 1714 1801 1801 Dialog,
1830 1715 1942 1781 W.
1978 1714 2297 1779 Schmid:
2346 1714 2783 1799 Atticismus,
2817 1714 2909 1779 si·-

561 1820 774 1888 milia.

769 2530 923 2596 Iam
995 2530 1082 2595 ad
1163 2529 1462 2619 primam
1521 2527 1949 2615 quaestionis
2018 2538 2291 2617 partem
2362 2530 2655 2615 accedo,
2726 2552 2908 2617 quae

560 2636 935 2702 verborum
983 2637 1331 2703 delectum
1379 2635 1740 2703 contineat
1787 2657 2162 2724 eorumque
2193 2658 2416 2703 usum.
2498 2636 2909 2724 Adiungan-

559 2749 674 2809 tur
719 2743 1059 2810 nonnulla
1107 2744 1192 2807 de
1248 2741 1703 2830 epistularum
1754 2750 1825 2807 et
1884 2740 2416 2831 inscriptionum
2477 2742 2908 2821 inductione,

557 2871 766 2936 porro
827 2871 1055 2937 pauca
1117 2849 1396 2936 quidem
1445 2848 1663 2915 verba
1724 2849 1810 2913 de
1872 2848 2425 2935 interpositionis
2483 2848 2907 2915 rationibus:

557 2956 860 3042 primum
930 2956 1017 3021 de
1085 2954 1511 3039 inversione,
1584 2954 1835 3019 deinde
1914 2954 1997 3019 de
2078 2954 2504 3022 inductionis
2566 2954 2905 3038 subiectO,

558 3062 905 3148 quomodo
955 3062 1024 3127 id
1088 3062 1486 3144 collocetur,
1547 3061 1669 3126 ubi
1729 3083 1867 3125 una
1932 3083 2088 3126 cum
2138 3062 2351 3127 verbo
2400 3061 2907 3149 interponitnr;

557 3177 890 3255 sequatur
935 3170 1020 3233 de
1068 3167 1316 3233 ceteris
1365 3166 1794 3233 inductionis
1842 3167 2159 3255 partibus
2208 3166 2617 3257 disputatio,
2642 3172 2690 3251 ¹)

769 3648 1083 3716 Primum
1131 3649 1265 3715 hoc
1311 3648 1568 3715 mirum
1616 3648 1914 3734 videtur,
1962 3651 2147 3737 quod
2182 3650 2257 3717 in
2291 3650 2721 3739 Graecorum
2756 3670 2910 3715 ora.-

557 3755 749 3825 tione
819 3755 1050 3823 soluta
1123 3756 1611 3823 observamus:
1684 3778 1849 3823 nam
1918 3764 2103 3823 retro
2176 3757 2324 3823 eius
2384 3778 2789 3844 progressus
2834 3778 2911 3823 se

559 3870 968 3931 convertere
1038 3863 1338 3947 videtur,
1410 3863 1669 3949 quippe
1741 3883 1919 3949 quae
1985 3885 2026 3928 a
2086 3862 2351 3930 maiore
2413 3863 2758 3929 varietate
2818 3864 2909 3927 ad

774 4062 826 4129 1)
865 4058 1032 4125 Quae
1069 4058 1168 4112 hic
1205 4058 1456 4129 promisi
1497 4057 1559 4109 in
1595 4056 1709 4111 hac
1748 4054 1991 4127 quidem
2042 4073 2195 4123 quae
2248 4056 2415 4129 prelo
2462 4056 2641 4113 datm·
2691 4056 2911 4111 disser-

555 4149 786 4203 tatione
835 4164 958 4203 non
1011 4147 1214 4201 omnia
1265 4144 1533 4213 absolvi3
1589 4160 1765 4215 spero
1818 4150 2023 4198 autem
2074 4142 2209 4200 fore
2258 4152 2329 4199 ut
2379 4146 2500 4200 alio
2537 4145 2673 4201 loco
2710 4151 2911 4201 totum

557 4253 757 4292 meum
795 4236 1060 4291 laborem
1099 4233 1336 4289 tradere
1373 4232 1607 4305 possim
1644 4231 1996 4288 lectoribus,
