3200 4959
1537 314 1932 383 -46-

559 511 996 579 orationibus
1063 511 1436 600 soliloquia
1506 512 1751 581 habita
1827 535 2007 597 esse,
2086 512 2205 579 sed
2287 514 2507 581 artius
2577 536 2658 579 ea
2736 534 2911 580 con-

557 620 798 686 iuncta
855 620 1070 686 fuisse
1119 640 1277 685 cum
1324 619 1476 707 ipsa
1523 620 1950 687 narratione.
2044 620 2420 687 Praeterea
2468 620 2912 709 Thucydidis

559 728 964 793 memoriam
1025 733 1361 795 revocant
1425 726 1601 793 haec
1648 726 1897 793 verba:
1959 727 2230 815 παρῄνει
2288 728 2629 817 θαρρύνων
2688 726 2914 795 τοιάδε

559 835 784 900 Anab.
833 834 869 899 Ι
916 834 1122 918 7,12;
1172 832 1492 921 ἐπιλέγειν
1535 833 1805 901 κελεύων
1848 833 2080 901 Anab.
2125 834 2162 899 I
2194 835 2256 919 9,
2283 835 2401 917 263
2448 833 2913 923 παρεκελεύετο

559 940 789 1007 Anah.
852 940 963 1007 ΠΙ
1009 942 1075 1024 4,
1099 940 1221 1023 46;
1295 940 1552 1028 Cyrop.
1620 940 1730 1005 III
1790 942 1853 1025 3,
1879 941 1999 1025 433
2072 940 2587 1028 προστάττουσιν
2646 941 2903 1031 Cyrop.

561 1046 627 1113 V
655 1049 718 1133 3,
744 1049 862 1131 49;
929 1046 1283 1115 ἐνετέλλετο
1345 1045 1513 1113 ibid.
1563 1045 1677 1113 111
1708 1048 1769 1129 3,
1796 1048 1917 1129 403
1966 1045 2271 1136 ἐπῄνεσεν
2316 1048 2570 1137 Cyl-op.
2618 1047 2722 1114 IV
2750 1050 2814 1133 4,
2840 1050 2903 1115 3.

772 1154 971 1221 Haec
1029 1152 1265 1219 omnia
1330 1152 1549 1220 verba
1613 1152 2020 1219 oblitterata
2083 1176 2306 1241 paene
2366 1154 2725 1239 videntur,
2785 1156 2908 1221 ubi

562 1260 960 1330 orationum
1021 1259 1494 1345 frequentiam
1555 1259 1845 1347 respicis
1924 1268 2191 1347 quanto
2252 1260 2476 1329 maior
2534 1262 2607 1327 in
2668 1262 2907 1327 Xeno-

561 1368 824 1455 phonte
874 1366 964 1433 sit
1011 1387 1220 1452 quam
1266 1366 1342 1431 in
1387 1366 1801 1453 Thucydide
1848 1366 2351 1457 Herodotoque
2372 1371 2441 1451 ¹).

776 1474 1006 1560 Pergo
1055 1474 1145 1539 ad
1191 1473 1577 1561 posteriora
1626 1472 2127 1561 Xenophontis
2174 1474 2471 1562 scripta:
2526 1475 2649 1541 ubi
2694 1475 2908 1541 etiam

563 1580 786 1647 rarius
845 1580 1016 1647 talia
1077 1580 1294 1647 verba
1361 1579 1839 1647 inveniuntur.
1934 1580 2019 1645 In
2080 1580 2463 1649 Hellenicis
2522 1582 2709 1648 enim
2768 1605 2909 1649 uno

565 1694 844 1755 tantum
889 1687 1046 1753 loco
1094 1686 1234 1753 VII
1288 1690 1345 1772 1,
1371 1688 1413 1751 3
1461 1687 1754 1753 verbum
1800 1686 2175 1755 exhibetur
2232 1690 2708 1775 παρακελεύειν,
2771 1690 2909 1757 alio

565 1795 719 1862 loco
768 1795 872 1863 VI
917 1797 980 1878 3,
1007 1796 1046 1861 7
1095 1816 1234 1860 vox
1280 1787 1647 1881 ἅγορεύεινε
1696 1802 1771 1859 et
1816 1793 2095 1880 quidem
2142 1795 2516 1882 peculiaris
2562 1796 2685 1863 illa
2718 1797 2913 1869 deest

566 1901 700 1968 hoc
748 1900 902 1968 loco
967 1900 1166 1967 verbi
1223 1893 1556 1989 α’γορεύειν
1619 1900 1851 1985 noti0,
1915 1923 2053 1987 qua
2115 1900 2517 1969 Herodotus
2578 1903 2914 1969 utebatur

567 2014 806 2097 (supra
866 2032 930 2096 p.
993 2009 1141 2093 25);
1215 2008 1290 2075 in
1348 2006 1922 2075 Memorabilibus
1991 2006 2241 2073 deinde
2306 2014 2379 2074 et
2448 2009 2912 2076 Oeconomico

569 2137 994 2201 quamquam
1055 2136 1317 2181 novum
1379 2115 1664 2201 aliquod
1728 2114 2128 2179 admittitur
2187 2114 2514 2199 verbum,
2576 2117 2765 2202 quod
2826 2138 2913 2184 ex

569 2223 1009 2309 dialogorum
1058 2220 1397 2309 peculiari
1444 2243 1698 2309 genere
1747 2220 2089 2307 originem
2136 2220 2338 2287 duxit
2377 2262 2462 2271 --
2498 2222 2918 2309 διαλέγεσθαι

573 2331 778 2396 Mem.
802 2329 878 2394 II
908 2329 1010 2415 10,
1039 2332 1072 2395 1
1099 2351 1112 2412 ;
1145 2328 1259 2393 III
1284 2330 1347 2411 3,
1378 2330 1448 2410 13
1482 2328 1583 2395 IV
1611 2330 1674 2411 5,
1700 2328 1770 2408 23
1807 2328 1965 2393 Oec.
1991 2326 2026 2391 I
2050 2328 2208 2411 1—‚
2235 2335 2471 2393 tamen
2497 2328 2917 2418 paucissima

575 2436 971 2503 huiusmodi
1029 2434 1448 2501 exhibentur
1507 2432 1757 2501 verba:
1829 2440 2163 2521 quattuor
2209 2434 2281 2499 in
2346 2435 2917 2502 Memorabilibus

573 2541 892 2609 ἐδίδασκεν
943 2542 980 2607 Ι
1029 2542 1088 2628 7,
1115 2542 1189 2624 2;
1263 2540 1616 2609 ἐπεσκόπει
1660 2540 1773 2606 ΙΙΙ
1817 2540 1883 2624 8,
1907 2540 1983 2622 8;
2056 2536 2367 2629 ἐπανῆγεν
2412 2540 2521 2607 τὸν
2564 2542 2751 2629 λόγον
2810 2542 2915 2609 IV

572 2652 634 2735 6,
665 2652 778 2733 1‘43
827 2650 1032 2737 λέγειν
1061 2640 1409 2737 ἐρχόμενος
1447 2648 1954 2736 προοιμιάσεται
1992 2646 2098 2711 IV
2126 2646 2189 2732 2,
2216 2652 2277 2731 4,
2327 2646 2597 2715 nullum
2631 2648 2915 2715 omnino

573 2756 646 2822 in
715 2756 1215 2841 Oeconomi00‚
1298 2754 1569 2821 nullum
1640 2754 1714 2819 in
1788 2752 2130 2839 Hierone,
2202 2753 2427 2821 solum
2494 2748 2775 2841 ὑπέλαβε
2842 2756 2915 2822 in

575 2862 918 2930 Convivio
967 2862 1070 2929 IV
1107 2862 1222 2927 22.

789 2970 999 3037 Cuius
1045 2968 1269 3035 simile
1317 2969 1483 3057 quid
1543 2968 1617 3033 in
1663 2966 1895 3034 verbis
1958 2967 2441 3055 interrogandi
2496 2976 2569 3035 et
2628 2992 2915 3058 respon-

576 3078 784 3145 dendi
845 3075 1135 3160 accidit3
1206 3075 1343 3143 nisi
1413 3076 1599 3164 quod
1662 3075 1876 3141 etiam
1938 3075 2247 3163 apertius
2308 3097 2393 3139 ex
2456 3075 2564 3141 his
2626 3076 2917 3143 vocibus

577 3186 709 3253 hoc
780 3185 1043 3273 elucet,
1113 3185 1201 3250 ad
1270 3182 1643 3249 Platonem
1705 3204 1776 3247 se
1840 3180 2405 3268 appropinquare
2475 3181 2915 3272 dialogorum

577 3314 999 3375 sermonem;
1032 3314 1196 3357 nam
1227 3312 1588 3377 nunquam
1624 3287 1905 3355 omnino
1932 3310 2177 3354 vocem
2212 3280 2687 3377 ἀποκρίνεσθαι
2712 3290 2917 3357 Plato

579 3406 888 3489 usurpat,
936 3421 1094 3464 raro
1143 3394 1626 3484 interrogandi
1673 3394 1922 3461 verba:
1986 3394 2239 3480 quibus
2286 3398 2682 3483 respondet,
2733 3398 2917 3483 quod

580 3508 654 3573 in
685 3505 1182 3595 Xenophontis
1215 3526 1489 3592 quoque
1523 3501 1819 3589 dialogis
1851 3523 2133 3589 prorsus
2166 3503 2598 3590 exstirpatur
2628 3504 2921 3571 verbum

583 3614 824 3703 ἐρωτᾶν
841 3616 912 3699 ⁹),
961 3634 1182 3701 paene
1217 3620 1656 3677 evanuerunt
1686 3632 1895 3675 voces
1928 3607 2201 3697 ἐρέσθαι
2221 3612 2271 3693 ³)
2306 3616 2376 3675 et
2406 3600 2921 3699 α’ποκρίνεσθαιτ

799 3760 853 3827 1)
889 3756 1080 3813 Porro
1103 3756 1219 3811 hoc
1245 3761 1580 3811 memoratu
1606 3752 1855 3827 dignum
1881 3756 1991 3821 est,
2032 3750 2192 3818 quod
2218 3749 2292 3805 ad
2318 3766 2624 3807 summum
2648 3752 2925 3809 ascendit

583 3849 800 3904 horum
838 3846 1160 3903 verborum
1187 3862 1338 3901 usus
1369 3846 1431 3899 in
1459 3841 1847 3915 Cyropaedia.
1898 3838 2150 3917 Accedit
2187 3837 2347 3907 quod
2387 3840 2519 3911 ipsa
2548 3840 2926 3913 Cyropaedia

585 3954 810 3993 novum
849 3934 1002 3991 illud
1040 3936 1393 4008 προσηνέχθη
1431 3931 1718 3987 assumit:
1776 3947 1918 4001 ergo
1970 3927 2164 3984 maior
2214 3926 2387 3983 adest
2439 3929 2499 3985 in
2554 3928 2927 4003 Cyropaedia

587 4024 824 4081 dicendi
858 4024 1122 4081 licentia.
1185 4022 1318 4089 Qua
1353 4038 1418 4076 re
1455 4020 1762 4093 probatur,
1802 4014 1962 4085 quod
1988 4034 2172 4089 supra
2204 4018 2325 4071 iam
2350 4018 2721 4074 coniecimus
2758 4036 2815 4092 p.
2841 4023 2925 4075 44.

802 4118 858 4183 2)
895 4116 1029 4171 Hac
1064 4130 1132 4169 re
1167 4110 1566 4168 confirmatur
1617 4108 1819 4176 aliquo
1870 4105 2047 4163 modo
2101 4106 2206 4161 illa
2256 4105 2425 4162 verbi
2479 4107 2691 4180 ἐρωτᾶν
2740 4110 2925 4181 origo,

591 4224 769 4275 quam
807 4222 990 4277 supra
1025 4206 1146 4259 iam
1185 4200 1552 4258 coniecimus
1591 4218 1649 4271 p.
1688 4200 1755 4253 29
1794 4196 1930 4253 adn.
1976 4201 2020 4251 Ι.

804 4297 858 4361 3)
894 4294 1257 4347 Annectitur
1311 4290 1494 4345 facile
1548 4289 1623 4344 ad
1672 4288 1821 4342 haec
1877 4285 2293 4359 interrogandi
2346 4284 2531 4341 verba
2582 4285 2923 4343 observatio
