3200 4959
1528 314 1922 383 ..23-

549 509 852 597 scriptor
895 530 976 577 eo
1021 510 1178 597 ipso
1223 508 1466 577 addito
1513 510 1751 593 verbo,
1800 510 1985 597 quod
2033 508 2353 597 inprimis
2400 511 2739 582 orationis
2804 512 2925 579 di-

549 624 786 683 rectae
831 615 1258 685 inductionis
1302 617 1665 705 proprium
1724 619 1876 687 est?
1954 616 2129 686 Cum
2174 624 2447 687 certum
2508 641 2650 686 non
2713 619 2927 691 adsit

549 722 904 809 indicium,
953 724 1095 793 utri
1140 723 1400 793 rationi
1445 724 1605 813 plus
1650 723 2095 792 auctoritatis
2142 722 2470 809 tribuam,
2531 724 2601 793 in
2668 725 2923 793 medio

553 828 689 895 hoc
735 830 1163 919 relinquam3
1225 832 1524 897 fortasse
1573 830 1795 897 altera
1846 832 2139 896 alteram
2188 830 2498 916 adiuvat,
2558 832 2925 901 verisimi-

555 936 688 1005 lior
751 960 920 1005 vero
983 938 1242 1026 quippe
1311 937 1699 1025 simplicior
1756 936 1941 1005 mihi
2012 935 2294 1025 quidem
2358 938 2637 1007 videtur
2703 939 2925 1027 prior

551 1044 953 1132 explicatio,

766 1186 990 1275 Saepe
1037 1186 1179 1253 iam
1225 1186 1529 1253 vidimus
1577 1189 1665 1253 ab
1710 1208 1841 1253 usu
1892 1187 2175 1275 poetico
2234 1186 2631 1275 discrepare
2687 1188 2921 1253 orati-

555 1316 758 1359 onem
806 1292 1127 1361 solutam.
1222 1294 1308 1359 In
1371 1316 1452 1360 eo
1499 1302 1740 1359 tamen
1788 1292 2219 1359 continuitas
2280 1292 2439 1377 fuit,
2502 1295 2689 1383 quod
2755 1316 2919 1360 uno

552 1407 849 1489 excepto
895 1400 1314 1489 imperfecto
1362 1398 1570 1487 ἔλεγεν
1615 1401 2117 1466 veteraverba
2166 1409 2237 1466 et
2266 1400 2536 1467 formae
2570 1424 2657 1466 ex
2704 1401 2919 1490 poesi

553 1506 693 1572 iam
740 1516 910 1573 nota
959 1506 1170 1574 etiam
1221 1508 1353 1575 hoc
1402 1507 1649 1595 quinto
1698 1506 1975 1574 saeculo
2022 1507 2435 1573 retinentur.

769 1652 966 1735 Quod
1028 1658 1264 1719 tamen
1335 1651 1562 1741 ipsum
1638 1673 1912 1742 quoque
1982 1658 2299 1723 mutatur
2368 1651 2437 1717 in
2511 1650 2913 1719 Herodoto.

554 1758 735 1829 Nam
784 1758 1158 1829 Homerica
1206 1760 1419 1825 verba
1465 1747 1805 1825 nonnulla
1854 1758 2039 1847 apud
2086 1781 2245 1823 eum
2293 1758 2680 1846 exstirpata
2725 1757 2916 1825 vidi-

554 1887 740 1949 mus;
789 1866 908 1932 sed
955 1865 1170 1935 etiam
1219 1887 1404 1933 nova
1443 1865 1786 1952 quaedam
1824 1866 2011 1967 apud
2044 1887 2201 1931 eum
2234 1864 2306 1930 in
2348 1887 2550 1933 usum
2580 1865 2911 1931 veniunt.

765 2006 1014 2075 Brevis
1061 2030 1178 2076 ero
1227 2030 1344 2075 eas
1389 2029 1599 2075 voces
1646 2028 2059 2074 enumerans
2105 2030 2401 2094 quarum
2447 2006 2673 2075 rarior
2735 2030 2915 2077 usus

557 2112 714 2181 fuit.
807 2113 1198 2182 Plurimum
1247 2137 1318 2181 se
1365 2113 1895 2201 appropinquat
1938 2114 2217 2201 poetico
2266 2114 2569 2183 sermoni
2610 2114 2911 2183 verbu-m

555 2212 874 2308 ηὐδάξατο
899 2220 966 2285 V
997 2223 1078 2287 31
1105 2244 1118 2303 3
1169 2244 1312 2289 non
1361 2220 1639 2309 poetica
1670 2228 1837 2289 sunt
1868 2220 2317 2305 συνεβούλευσε
2348 2221 2382 2285 Ι
2416 2222 2535 2303 71-;
2578 2212 2911 2305 ὀνομάσαι

556 2326 592 2391 Ι
623 2328 744 2409 86;
796 2318 1196 2395 ὀνειδίσασαν
1228 2328 1404 2391 VIII
1452 2328 1572 2409 84;
1622 2326 2086 2414 προισχόμενον
2124 2328 2227 2407 VI
2258 2328 2378 2410 86;
2429 2335 2675 2395 contra
2715 2320 2911 2395 ἄντι-

555 2438 805 2521 πέμπει
866 2434 978 2501 ΠΙ
1039 2434 1129 2501 68
1184 2456 1420 2503 rursus
1467 2433 1939 2504 Homericum.
2034 2434 2295 2503 Verum
2343 2442 2579 2502 tamen
2628 2432 2910 2521 frangit

557 2538 732 2612 haec
811 2540 1092 2629 quidem
1173 2563 1314 2607 vox
1397 2532 1794 2625 ἐπιπέμπει
1866 2540 2343 2613 characterem
2421 2540 2909 2609 Herodoteum

559 2654 846 2718 cautum
893 2646 1090 2718 illum
1139 2654 1209 2713 et
1257 2647 1809 2731 consideratum3
1860 2648 2256 2718 addendum
2296 2655 2459 2715 erat
2486 2646 2687 2734 λέγων
2718 2646 2907 2716 sicut

557 2753 857 2842 scriptor
905 2755 992 2823 ad
1041 2755 1192 2843 ipsa
1241 2776 1518 2842 quoque
1549 2754 2018 2842 respondendi
2050 2761 2121 2821 et
2150 2754 2636 2841 interrogandi
2682 2753 2907 2822 verba

555 2860 1010 2949 participium
1050 2862 1254 2947 λέγων
1299 2861 1548 2932 adicit:
1621 2870 1701 2933 ut
1744 2862 1867 2929 vix
1916 2862 2213 2931 audeam
2260 2882 2592 2947 magnam
2640 2858 2907 2929 habere

555 2966 690 3033 hoc
737 2966 893 3034 loco
941 2967 1156 3033 fidem
1207 2968 1597 3051 codicibus;
1671 2967 1940 3033 accedit
2002 2967 2209 3052 enim,
2272 2968 2458 3055 quod
2506 2966 2579 3033 Π
2631 2966 2757 3035 114
2806 2966 2904 3031 ad

555 3074 740 3141 idem
799 3066 1198 3157 ἀντιπέμπει
1263 3075 1474 3141 simili
1530 3074 1807 3140 ratione
1868 3081 2285 3161 usurpatum
2360 3094 2609 3139 revera
2685 3071 2907 3160 parti-

557 3180 819 3270 cipium
868 3182 1302 3248 adstructum
1352 3190 1456 3247 est
1500 3183 1767 3267 λέγοντα
1811 3180 1984 3249 τάδε.

767 3324 834 3391 N
837 3324 1166 3395 otabilior
1211 3325 1354 3391 iam
1415 3333 1524 3400 est
1582 3346 1746 3395 usus
1793 3324 1991 3389 verbi
2046 3333 2222 3411 χρᾶν,
2287 3324 2471 3411 quod
2534 3321 2905 3393 duodecies

556 3430 916 3497 oraculum
967 3429 1250 3517 aliquod
1296 3431 1607 3496 inducit:
1676 3429 2147 3496 memorabilis
2194 3452 2278 3495 ea
2326 3430 2411 3495 de
2458 3452 2689 3512 causa,
2738 3427 2907 3515 quia

555 3536 690 3603 hoc
761 3558 1036 3626 quoque
1106 3537 1395 3604 verbum
1465 3536 1639 3603 illud
1711 3536 2092 3603 confirmat
2160 3536 2505 3603 Herodoti
2574 3535 2904 3619 studium,

555 3666 693 3731 quo
743 3642 1270 3711 accommodare
1317 3652 1616 3710 conatur
1676 3642 2147 3709 inductorium
2211 3644 2503 3709 verbum
2565 3640 2904 3731 peculiari

559 3750 898 3825 orationis
948 3760 1261 3821 naturae.

768 3896 903 3961 Sed
952 3896 1237 3962 maioris
1283 3895 1621 3961 momenti
1655 3896 1791 3959 duo
1832 3892 1973 3958 alia
2022 3900 2185 3958 sunt
2220 3891 2459 3977 verba,
2513 3916 2689 3989 quae
2723 3892 2905 3957 vari·

555 4004 864 4070 ationem
942 4004 1313 4091 praebent,
1389 3994 1863 4089 ὖποκρίνεσθαι
1940 4008 2011 4065 et
2080 3998 2353 4088 ἐρωτᾶνε
2427 3992 2906 4087 ὕποκρίνεσθαι

555 4112 798 4195 sexies,
871 4108 1114 4198 ἐρωτᾶν
1184 4109 1550 4199 quinquies
1622 4110 1973 4195 leguntur.
2038 4100 2441 4174 'Praeterea
2504 4106 2905 4173 Herodotus

557 4240 640 4285 ex
689 4218 997 4286 Homero
1029 4217 1374 4286 vocabula
1405 4210 1802 4303 ἀμείβεσθαι
1833 4223 1904 4281 et
1937 4212 2206 4303 ἐρέσθαι
2254 4214 2544 4285 retinuit
2575 4215 2904 4287 nimirum
