3200 4959
1269 968 1541 1019 Ν;”111“.“’211ἱν

533 1028 766 1167 Quid
803 1063 1108 1131 maxime
1145 1062 1497 1153 peculiare
1531 1070 1605 1129 et
1640 1062 2002 1151 proprium
2034 1064 2127 1130 sit
2169 1064 2360 1131 vitae
2394 1064 2666 1130 hodier-

309 1194 449 1237 nae
484 1170 542 1236 si
573 1169 816 1257 paucis
847 1169 1080 1235 verbis
1111 1168 1700 1257 comprehendere
1747 1170 2049 1255 studeas,
2096 1170 2477 1257 imaginem
2508 1192 2667 1257 pro-

309 1274 924 1367 1101166111111111116,
975 1275 1162 1363 quod
1209 1274 1456 1363 rapido
1507 1298 1712 1341 cursu
1744 1298 2079 1364 praeceps
2111 1277 2423 1343 delatum
2454 1278 2663 1342 modo

311 1384 502 1449 hunc
549 1382 756 1449 modo
804 1381 1004 1449 illum
1051 1381 1280 1447 locum
1331 1380 1480 1447 adit
1523 1404 1653 1447 1160
1699 1404 1994 1471 usquam
2041 1382 2158 1447 diu
2210 1388 2541 1449 moratur.

529 1490 746 1557 Deest
791 1496 1069 1577 tempus
1116 1488 1538 1575 quiescendi.

529 1597 721 1675 Quae
773 1594 962 1661 enim
1019 1594 1264 1660 innata
1311 1594 1590 1661 videtur
1646 1594 1891 1681 generi
1950 1595 2257 1661 humano
2319 1618 2662 1663 novarum

310 1724 546 1769 rerum
593 1701 906 1789 captatio
953 1700 1160 1767 hodie
1209 1701 1282 1768 in
1327 1722 1677 1767 summum
1726 1709 1831 1767 est
1878 1709 2088 1768 aucta
2148 1708 2219 1768 et
2265 1703 2494 1767 delere
2550 1724 2662 1769 co-

309 1817 526 1875 natur
573 1808 830 1891 omnia,
877 1830 1055 1893 quae
1103 1808 1334 1875 adhuc
1383 1807 1703 1895 quamvis
1734 1808 2081 1896 simplicia
2125 1816 2377 1875 tamen·
2414 1815 2661 1875 sancta

309 1923 517 1983 erant
564 1922 635 1980 et
681 1914 996 2003 pulchra.

523 2021 980 2087 Manifestum
1026 2020 1161 2087 1100
1220 2020 1292 2088 111
1342 1978 1510 2087 arte.
1604 2022 1790 2087 Nam
1834 2042 2021 2087 nova
2083 2044 2359 2111 semper
2413 2021 2661 2087 incita-

307 2136 572 2212 menta,
603 2135 684 2193 ut
717 2128 1024 2194 artificio
1060 2126 1292 2215 aliquo
1327 2134 1673 2211 teneatur,
1722 2150 1918 2193 mens
1952 2128 2297 2193 desiderat
2330 2127 2659 2211 humana,

309 2258 469 2303 cum
528 2240 833 2323 nequeat
893 2234 966 2299 in
1024 2256 1098 2299 re
1159 2233 1302 2299 ulla
1362 2233 1482 2301 diu
1541 2240 1615 2301 et
1661 2242 1988 2301 accurate
2038 2235 2434 2301 consistere.
2530 2235 2661 2300 Cui

305 2340 648 2407 desiderio
697 2340 980 2407 obviam
1020 2339 1315 2405 veniunt
1349 2339 1663 2406 artifices
1701 2340 1855 2429 ipsi,
1902 2340 2025 2428 qui
2064 2340 2346 2429 neglegi
2384 2342 2657 2410 nolunt.

306 2448 485 2515 Sunt
533 2448 718 2513 enim
767 2446 1132 2513 inferiores
1179 2468 1303 2513 suo
1351 2446 1651 2513 saeculo.

519 2554 768 2643 Itaque
815 2576 1038 2622 novas
1085 2574 1358 2641 semper
1411 2552 1866 2641 insolitasque
1926 2554 2147 2621 lineas
2209 2554 2484 2640 quaerit
2545 2578 2657 2621 ars

307 2660 646 2749 pingendi
694 2668 904 2747 atque
945 2659 1280 2726 audacius
1325 2682 1600 2747 semper
1633 2682 2051 2747 componere
2092 2662 2330 2727 studet
2364 2648 2648 2730 c'oloreS.

305 2766 646 2833 Subtilius
691 2788 963 2855 semper
1009 2766 1462 2855 interpretari
1509 2776 1807 2834 conatur
1860 2767 2080 2833 animi
2140 2767 2447 2835 affectus
2509 2791 2656 2834 mu-

303 2874 450 2939 sica
497 2894 608 2939 ars
655 2880 866 2961 atque
913 2873 1226 2959 singulos
1273 2893 1480 2939 sonos
1527 2872 1629 2939 ita
1664 2881 1879 2961 auget
1925 2881 1998 2938 et
2029 2874 2342 2940 cumulat
2374 2882 2445 2941 et
2475 2874 2660 2941 inter

305 3002 376 3045 se
421 2988 776 3047 certantes
823 2979 1020 3063 facit,
1067 2988 1148 3044 ut
1193 2978 1508 3047 sensibus
1557 2980 1647 3045 ad
1704 3001 2053 3048 summam
2116 2982 2658 3049 commotionem

306 3086 680 3153 concitatis
738 3086 1058 3152 resistere
1121 3094 1426 3171 nequeat
1481 3087 1779 3153 auditor.
1886 3086 2126 3153 Poesis
2186 3109 2352 3152 vero
2416 3088 2661 3175 priscis

305 3192 578 3279 legibus
639 3192 972 3261 relaxatis
1031 3198 1104 3257 et
1155 3192 1598 3280 rythmorum
1662 3194 1891 3259 soluta
1954 3194 2327 3259 severitate
2391 3193 2661 3260 animos

307 3299 652 3365 delectare
713 3299 948 3365 studet
1007 3299 1271 3367 maiore
1333 3320 1607 3386 semper
1668 3320 2114 3367 numerorum
2176 3300 2530 3387 elegantia
2592 3308 2663 3366 et

307 3404 669 3471 varietate.

517 3511 624 3577 Ne
658 3510 882 3578 oratio
931 3510 1211 3597 quidem
1243 3511 1471 3579 soluta
1503 3511 1752 3579 similis
1794 3512 2009 3579 studii
2044 3534 2291 3600 expers
2325 3519 2460 3579 est:
2492 3512 2659 3598 quid

306 3616 489 3686 enim
537 3616 724 3683 aliud
798 3641 880 3685 ac
927 3639 1150 3683 novos
1209 3618 1665 3705 insolitosque
1726 3619 2065 3685 sermonis
2127 3620 2395 3685 colores
2450 3640 2660 3707 appe-

305 3730 464 3790 tunt
510 3723 634 3807 illi,
683 3724 802 3811 qui
847 3724 1230 3791 Nietzschii
1279 3724 1596 3811 vestigiis
1644 3724 2046 3791 insistentes
2106 3746 2326 3813 genus
2384 3724 2663 3816 dicendi

307 3829 672 3897 imitantur
718 3831 976 3917 partim
1025 3830 1290 3919 poesim
1337 3831 1598 3919 partim
1648 3830 2145 3919 antiquitatem
2190 3830 2554 3897 redolens?
2598 3852 2609 3867 ·

517 3936 714 4001 Inter
759 3936 1097 4003 orationis
1144 3936 1414 4005 solutae
1463 3960 1630 4003 vero
1664 3960 1924 4025 genera
1972 3937 2277 4025 primum
2309 3944 2661 4023 occupant

307 4042 535 4111 10011111
583 4065 761 4129 quae
809 4043 1138 4110 dicuntur
1183 4044 1663 4109 Romanenses
1707 4044 2013 4110 fabulae.
2041 4049 2087 4129 1)
2182 4044 2374 4122 Quae
2421 4065 2662 4109 omnes

521 4202 571 4271 1)
609 4202 730 4257 Pro
766 4202 882 4257 hac
919 4203 1226 4257 locutione
1271 4202 1430 4269 quod
1459 4202 1718 4274 simplex
1744 4202 1997 4257 verbum
2038 4200 2315 4272 „fabula“
2359 4202 2419 4255 in
2460 4202 2661 4273 proxi-

311 4290 422 4344 mis
462 4291 704 4363 paginis
744 4297 1093 4363 usurpatur,
1133 4290 1455 4348 brevitatis
1495 4290 1703 4347 studio
1742 4289 1994 4347 tribuas.
