3200 4959
1275 324 1663 393 ..42-

297 532 548 591 contra
595 524 770 589 haec
819 522 1054 589 omnia
1101 522 1314 589 verba
1360 542 1566 609 saepe
1599 520 2003 608 Xenophon
2050 520 2125 587 in
2171 518 2479 589 historiis
2524 544 2640 588 ex-

295 631 594 697 hibebat
613 654 628 714 ;
677 631 768 696 cf.
817 628 1152 695 tabellam
1199 629 1293 694 ΙΙ.

447 768 456 780 ·
515 738 876 803 Hactenus
943 736 1030 802 de
1103 735 1204 801 eis
1280 734 1546 819 verbis,
1626 756 1802 823 quae
1878 756 2124 801 vocem
2195 734 2460 802 orantis
2527 738 2642 802 vel

295 866 643 912 summam
691 842 1028 911 orationis
1075 842 1411 909 indicant.

295 970 518 1039 aliqua,
575 984 726 1037 quae
782 968 836 1023 ei
881 968 952 1021 in
1005 964 1481 1037 disputationem
1531 966 1731 1037 ipsam
1772 965 2158 1037 reciperetur,
2214 966 2345 1021 eius
2398 982 2643 1023 cursum

295 1057 1145 1185 perturgffigtcumularentur
1169 1126 1364 1199 magis
1391 1126 1708 1199 magisque
1746 1126 1809 1181 in
1835 1124 2076 1199 dialogo
2103 1141 2298 1181 sermo
2326 1132 2387 1182 et
2410 1140 2643 1182 contra-

293 1218 516 1287 dictio,
571 1235 711 1281 cum
765 1216 959 1273 artius
1019 1232 1252 1287 semper
1303 1214 1378 1270 ad
1428 1216 1776 1288 rogationes
1824 1230 2115 1287 responsa
2164 1221 2641 1285 annecterentur,

296 1306 698 1381 excogitanda
725 1312 908 1375 erant,
937 1321 1090 1373 quae
1115 1303 1516 1377 prohiberent,
1541 1320 1619 1358 ne
1644 1303 2056 1375 simplicitatis
2082 1302 2320 1359 dicendi
2356 1304 2642 1361 lectorem

293 1396 584 1451 taederet.
662 1394 1026 1450 varietatem
1081 1394 1348 1461 aliquam
1401 1393 1885 1464 interpositionis
1940 1408 2093 1449 usus
2149 1394 2271 1449 iam
2326 1392 2642 1451 afferebat.

298 1484 489 1541 Aliud
525 1501 668 1541 vero
707 1490 921 1557 postea
957 1500 1076 1537 usu
1112 1480 1530 1554 recipiebatur.
1606 1480 1699 1537 De
1736 1480 1851 1537 hac
1886 1498 1953 1537 re
1987 1498 2150 1541 nunc
2186 1500 2383 1556 agam.

513 1574 588 1631 ln
622 1572 957 1629 Hellenicis
997 1572 1157 1627 enim
1205 1571 1470 1643 primum
1521 1570 1664 1627 illae
1714 1569 1957 1642 saepius
2008 1577 2385 1643 usurpantur
2434 1572 2643 1629 induc-

295 1664 516 1733 tioneS,
557 1677 710 1730 quae
733 1661 1019 1735 genetivo
1059 1660 1339 1716 absoluto
1377 1665 1652 1729 utuntur,
1690 1667 1763 1714 ut
1798 1660 2029 1731 primae
2052 1659 2312 1717 alicuius
2351 1662 2642 1719 orationis

295 1752 714 1809 inductionem
752 1748 1099 1806 succedenti
1137 1748 1441 1805 subiciant
1479 1747 1556 1805 cf.
1595 1746 1911 1805 Hellenica
1946 1746 2041 1804 111
2081 1751 2127 1821 1,
2147 1750 2216 1805 28
2268 1750 2537 1823 ἐρομένου
2584 1752 2645 1808 δὲ

301 1848 404 1897 τοῦ
441 1844 680 1897 Μειδίου
719 1880 767 1909 „.
808 1879 820 1893 .
861 1880 872 1893 .
911 1840 960 1891 .“
1000 1828 1336 1911 ἇπεκρίνατο
1375 1876 1424 1907 ,,.
1465 1877 1477 1891 .
1516 1877 1529 1892 .
1569 1838 1637 1891 .“.

513 1928 648 1985 Hoc
697 1928 1072 1983 inductionis
1121 1944 1315 2001 genus
1367 1925 1492 1981 inis
1546 1926 1837 1983 nimirum
1890 1926 2183 1983 facillime
2236 1928 2644 2001 usurpabatur

295 2019 470 2088 locis,
527 2018 750 2085 quibus
803 2016 1004 2073 brevis
1055 2016 1262 2085 aliqua
1316 2017 1511 2073 oratio
1568 2032 1749 2083 quam
1802 2016 2107 2076 artisdme
2161 2032 2298 2073 cum
2352 2023 2643 2087 sequente

297 2124 532 2165 conexa
571 2113 718 2162 erat.
792 2105 953 2173 Quid
979 2122 1124 2162 vero
1163 2106 1366 2179 aptius
1393 2105 1691 2175 cohaeret,
1731 2105 1877 2173 quid
1903 2106 2095 2161 artius
2121 2110 2327 2178 potest
2351 2108 2639 2181 coniungi

299 2214 484 2269 quam
520 2197 758 2269 rogatio
797 2200 978 2262 atque
1014 2194 1414 2266 responsum?
1488 2194 1651 2265 Ergo
1700 2212 1821 2249 non
1874 2196 2095 2249 mirum
2146 2196 2210 2250 in
2256 2196 2409 2269 ipsis
2460 2196 2642 2252 inter-

296 2282 556 2357 rogandi
593 2282 795 2338 verbis
832 2282 990 2336 hanc
1027 2282 1296 2355 genetivi
1322 2280 1586 2337 absoluti
1615 2283 2127 2338 constructionem
2153 2284 2412 2355 primum
2440 2302 2643 2341 occur-

293 2388 446 2442 rere,
473 2372 551 2427 cf.
570 2370 886 2426 Hellenica
907 2368 1004 2425 111
1033 2374 1080 2439 1,
1102 2370 1200 2440 283
1225 2372 1326 2438 373
1353 2368 1439 2424 1v
1465 2374 1514 2440 3,
1535 2372 1600 2439 2;
1624 2370 1883 2443 legimus
1903 2376 2212 2443 praeterea
2230 2373 2293 2427 in
2312 2372 2644 2429 Hellenicis

295 2460 688 2535 participium
725 2460 1114 2516 coniunctum
1153 2456 1506 2531 ἐρωτώμενος
1543 2458 1598 2513 V
1634 2462 1808 2528 8,1.¹›;
1857 2460 2211 2532 genetivum
2246 2460 2505 2529 denique
2542 2462 2643 2517 ab·

296 2551 572 2607 solutum
625 2566 750 2607 uno
803 2554 1044 2606 tantum
1095 2554 1386 2619 sequente
1441 2548 1737 2603 orationis
1789 2548 1973 2603 verbo
2026 2549 2093 2605 in
2144 2549 2639 2607 Memorabilibus

297 2657 538 2709 quoque
573 2637 667 2695 111
707 2642 790 2709 13,
811 2639 875 2693 2:
915 2639 978 2693 in
1016 2654 1136 2705 quo
1173 2637 1307 2709 ipso
1345 2637 1575 2709 scripto
1628 2635 1810 2693 facile
1862 2637 2029 2693 illinc
2080 2638 2181 2693 hic
2231 2656 2383 2695 usus
2436 2656 2645 2708 seque-

297 2729 498 2799 batur,
536 2727 696 2797 quod
735 2727 980 2801 saepius
1017 2726 1118 2781 hic
1156 2716 1402 2793 obliqua
1441 2726 1637 2793 oratio
1675 2744 1710 2781 a
1746 2727 2030 2799 genetivo
2068 2726 2351 2784 absoluto
2391 2728 2639 2785 inducta

299 2816 605 2874 antecedit
642 2816 931 2872 directam
971 2816 1132 2871 sicut
1169 2812 1264 2869 III
1307 2816 1440 2884 13,2
1493 2814 1661 2871 ἄλλου
1695 2816 1757 2871 ’δὲ
1794 2818 2069 2889 λέγοντος,
2123 2812 2209 2873 ὅτι
2248 2806 2426 2891 ἇηᾶιῦς
2464 2818 2642 2875 ἐσθίοι

298 2900 687 2981 (Ἀκουμενός)
727 2906 834 2979 ἔφη
873 2946 886 2959 .
927 2948 938 2959 .
978 2945 991 2959 .
1030 2946 1044 2961 .
1099 2904 1270 2960 Haec
1297 2904 1499 2960 chriae
1519 2903 1723 2960 forma
1745 2903 1910 2960 facta
1950 2913 2046 2961 est
2083 2906 2387 2964 solemnis.
2444 2908 2647 2976 Atque

301 2997 364 3051 hi
404 2997 520 3053 soli
559 3002 706 3051 sunt
741 2995 876 3065 loci,
914 2994 1136 3063 quibus
1175 2995 1240 3049 in
1277 2994 1410 3067 ipso
1447 2992 1692 3067 dialogo
1718 2992 1867 3049 haec
1898 2996 2270 3055 constructio
2310 2988 2641 3053 adhibetur.

513 3084 696 3155 Alibi,
735 3101 858 3139 non
894 3084 1118 3155 inipso
1145 3082 1400 3155 dialogo,
1439 3084 1751 3139 invenitur
1790 3082 1889 3139 hic
1908 3100 2065 3155 ‘usus
2092 3084 2157 3139 in
2180 3101 2330 3141 voce
2367 3082 2644 3149 εἰπόντοςε

302 3192 454 3245 quae
491 3192 612 3231 vox
648 3190 830 3246 saepe
865 3174 930 3227 in
965 3172 1300 3229 Hellenicis
1351 3171 1452 3227 hic
1488 3178 1820 3245 usurpatur
1857 3172 1935 3229 cf.
1970 3171 2064 3229 III
2107 3176 2153 3243 1,
2172 3174 2241 3227 22
2280 3171 2535 3238 εἰπόντος
2585 3178 2645 3233 δὲ

305 3271 400 3320 τοῦ·
435 3266 772 3337 Δερκυλίδου
820 3263 858 3335 (.
889 3302 901 3317 .
927 3303 940 3317 .
969 3263 1007 3333 .)
1057 3262 1086 3319 ὅ
1139 3264 1377 3325 Μειδῖας
1421 3261 1592 3317 ὤκνει
1640 3262 1751 3333 μὲν
1800 3252 2059 3333 ἀνοίγειν
2110 3260 2207 3325 τὰς
2258 3260 2432 3327 πόλεις
2470 3306 2483 3319 .
2522 3306 2535 3321 .
2576 3308 2588 3321 .
2628 3306 2643 3321 .

303 3353 594 3421 Similiter
631 3350 796 3407 dicta
847 3356 992 3405 sunt
1027 3350 1122 3407 111
1161 3353 1212 3420 3,
1232 3351 1294 3421 2;
1345 3350 1376 3405 Ι
1415 3352 1464 3421 ’1,
1484 3352 1536 3407 9.
1601 3350 1831 3408 Contra
1866 3352 1971 3419 qui
2008 3352 2073 3405 in
2110 3352 2329 3409 ceteris
2380 3354 2643 3427 scriptis,

301 3460 422 3499 non
459 3444 524 3497 in
560 3440 914 3509 HelleniciS,
969 3438 1320 3495 huiusmodi
1375 3440 1772 3495 inveniuntur
1810 3440 1943 3509 loci,
1994 3441 2171 3519 pauci
2209 3446 2446 3497 tantum
2499 3452 2646 3499 sunt

303 3532 582 3600 idemque
617 3530 791 3603 parvi
827 3530 1148 3585 momenti:
1187 3546 1306 3596 quo
1331 3529 1593 3600 pertinet
1632 3530 1694 3583 in
1718 3528 1990 3585 Anabasi
2028 3547 2149 3585 vox
2186 3528 2453 3603 βοώντων,
2491 3550 2646 3601 quae

305 3620 798 3677 exclamationem
853 3617 1020 3673 illam
1072 3616 1307 3671 inducit
1354 3612 1651 3688 (θάλαττα,
1690 3614 1964 3689 θάλαττα)
2014 3618 2103 3672 IV
2142 3620 2191 3688 7,
2212 3620 2297 3689 24,
2335 3627 2643 3693 praeterea

305 3709 445 3767 ibid.
481 3708 512 3765 I
549 3711 600 3778 8,
619 3710 690 3763 26
729 3706 1113 3780 participium
1153 3702 1338 3775 εἰπών,
1377 3705 1538 3762 idem
1574 3706 1957 3777 participium
1996 3707 2059 3761 in
2086 3706 2301 3781 Cyrop.
2344 3709 2491 3767 VIII
2516 3714 2566 3783 3,
2594 3714 2642 3781 8,

303 3816 480 3869 porro
533 3797 678 3853 ibid.
719 3796 832 3851 VII
889 3798 934 3866 1,
952 3800 1025 3853 29
1074 3795 1460 3868 participium
1511 3791 1725 3867 βοήσας.
1798 3794 1916 3862 Qui
1973 3812 2181 3853 omnes
2232 3796 2351 3853 loci
2402 3800 2457 3853 si
2506 3818 2641 3855 cum

303 3886 754 3944 Hellenicorum
779 3903 899 3942 usu
925 3890 1366 3957 comparantur,
1405 3884 1583 3955 pauci
1610 3889 1851 3939 tantum
1875 3883 2189 3953 videntur3
2228 3886 2461 3942 accedit
2484 3889 2645 3955 quod

305 3993 424 4034 uno
464 3986 714 4049 excepto
755 3975 972 4047 Cyrop.
1002 3972 1147 4029 VIII
1188 3976 1290 4043 3,8
1329 3990 1566 4047 semper
1605 3973 1679 4027 de
1705 3971 2086 4029 brevissimis
2124 3973 2396 4031 dicteriis
2425 3978 2643 4049 agitur,

307 4073 513 4122 contra
552 4066 614 4119 in
646 4062 980 4118 Hellenicis
1020 4063 1074 4116 si
1109 4080 1232 4118 non
1269 4062 1343 4118 de
1381 4062 1580 4135 longis
1621 4061 2014 4131 orationibus»,
2055 4066 2323 4116 attamen
2361 4063 2435 4118 de
2461 4066 2644 4137 pluri-

309 4153 416 4213 bus
455 4155 674 4211 verbis.
751 4152 910 4225 Ergo
947 4151 1050 4227 liic
1085 4168 1323 4219 quoque
1359 4168 1510 4205 usus
1565 4158 1627 4205 et
1676 4151 1913 4207 numeri
1965 4156 2029 4204 et
2076 4151 2357 4207 licentiae
2407 4154 2643 4209 culmen

307 4244 366 4298 in
403 4243 736 4299 Hellenicis
774 4241 996 4313 attigit.
