3200 4959
1517 350 1917 417 ...34-

761 548 1010 636 Itaque
1057 548 1398 639 liberioris
1443 545 2001 635 interpositionis
2050 554 2297 612 auctor
2343 546 2481 612 fuit
2526 547 2627 614 Io.

763 656 955 735 Quae
990 656 1143 743 ipsa
1175 652 1727 743 interpositionis
1751 652 2041 720 libertas
2067 659 2277 741 atque
2304 654 2697 741 frequentia
2726 654 2889 719 atti-

551 785 709 829 cum
733 784 1120 829 sermonem
1148 761 1430 829 omnino
1455 767 1738 849 separat
1780 782 1821 825 a
1845 760 2079 847 poetis
2100 759 2584 847 historicisque
2616 761 2737 847 eis,
2766 762 2889 849 qui

553 868 1095 933 antecedebant:
1163 867 1443 933 initium
1513 866 1795 953 quidem
1865 866 2053 953 cepit
2115 866 2667 955 interpositionis
2726 890 2890 933 usus

551 976 640 1041 ab
688 976 1070 1060 Herodoto,
1121 974 1208 1039 ad
1257 974 1484 1041 maius
1514 994 1683 1039 vero
1718 974 1991 1061 pondus
2036 980 2110 1038 et
2157 973 2655 1040 auctoritatem
2702 975 2889 1061 apud

550 1081 828 1148 Atticos
897 1081 1237 1170 pervenit,
1311 1081 1396 1146 ad
1458 1101 1805 1146 summum
1869 1079 2167 1166 denique
2236 1080 2459 1145 finem
2502 1081 2890 1168 postremis

553 1187 1006 1275 temporibus,
1057 1210 1215 1253 cum
1263 1185 1475 1253 medii
1510 1187 1666 1253 aevi
1701 1186 1929 1273 caligo
1964 1185 2407 1272 antiquitatis
2452 1186 2892 1275 splendorem

551 1294 873 1361 umbrare
921 1294 1173 1382 coepit.

763 1418 917 1483 Iam
963 1419 1645 1506 Xenophontem
1679 1416 1968 1483 adimus,
2030 1417 2256 1483 Multa
2289 1417 2629 1484 habemus
2654 1419 2893 1484 Xeno-

552 1524 839 1613 phontis
886 1525 1168 1613 scripta,
1215 1524 1393 1589 nihil
1440 1544 1607 1590 vero
1655 1522 1826 1589 certi
1888 1524 1971 1588 de
2022 1523 2282 1608 ordine,
2332 1546 2469 1610 quo
2530 1524 2671 1589 sint
2728 1546 2891 1591 con-

554 1632 835 1720 scripta.
931 1632 1122 1719 Ergo
1171 1654 1468 1719 magnus
1515 1631 2076 1697 coniecturarum
2125 1628 2414 1719 campus
2451 1632 2623 1697 viris
2668 1630 2891 1697 doctis

552 1739 864 1828 patebat.
959 1739 1179 1818 Quem
1225 1738 1430 1804 multi
1476 1736 1773 1825 ingressi
1818 1745 2016 1821 sunt;
2088 1744 2160 1803 et
2220 1737 2399 1804 alius
2459 1738 2739 1825 quidem
2804 1761 2891 1803 ex

555 1846 709 1913 aliis
770 1844 1200 1933 argumentis
1259 1866 1496 1911 eruere
1545 1843 1875 1910 studebat
1916 1851 2185 1909 rectam
2228 1845 2569 1911 librorum
2624 1845 2890 1912 seriem.

553 1953 688 2019 Sed
735 1951 1208 2040 unusquisque
1256 1952 1399 2016 fere
1449 1951 1532 2015 ad
1599 1949 1815 2016 alium
1874 1950 2199 2037 pervenit
2260 1950 2503 2017 finem,
2530 1956 2579 2033 ¹)

769 2076 1178 2143 Proximum
1221 2097 1388 2142 vero
1435 2074 1637 2140 nobis
1684 2073 1961 2161 quidem
2024 2082 2148 2159 est,
2210 2082 2289 2139 ut
2349 2075 2439 2141 ab
2500 2076 2599 2141 eis
2657 2076 2893 2141 Xeno-

557 2182 842 2271 phontis
874 2182 1152 2269 scriptis
1185 2180 1557 2265 ordiamur,
1609 2202 1787 2267 quae
1822 2187 1973 2245 arte
2006 2204 2271 2247 conexa
2305 2192 2469 2247 sunt
2506 2206 2665 2249 cum
2702 2194 2893 2249 ante-

559 2290 999 2357 cedentibus:
1071 2309 1238 2376 ergo
1285 2287 1564 2353 initium
1624 2287 1966 2353 faciamus
2027 2287 2117 2354 ab
2180 2288 2533 2356 historicis
2596 2290 2890 2379 scriptis.

553 2399 708 2463 Iam
768 2420 935 2464 vero
983 2395 1362 2483 quaeritur,
1417 2393 1582 2481 quid
1630 2394 1929 2481 primum
1978 2394 2193 2461 fuerit
2253 2397 2612 2485 scriptum.
2704 2398 2889 2463 Num

557 2506 740 2571 forte
772 2502 1294 2569 Hellenicorum
1325 2500 1532 2565 libri?
1604 2500 1899 2567 Constat
1930 2523 2095 2566 sane
2128 2500 2563 2590 Thucydidis
2594 2504 2892 2589 vestigia

555 2618 872 2677 secutum
933 2632 1077 2675 esse
1147 2609 1221 2673 in
1289 2604 1673 2672 Hellenicis
1743 2608 2311 2695 Xenophontem.
2406 2610 2741 2677 Attamen
2799 2610 2891 2677 ab

557 2718 639 2785 iis
665 2718 1034 2805 quominus
1059 2714 1338 2781 initium
1371 2712 1733 2802 capiamus
1764 2714 1897 2780 hac
1929 2714 2433 2782 deliberatione
2466 2716 2891 2783 cohibemur.

772 2841 1008 2907 Vitam
1054 2840 1203 2927 egit
1249 2839 1653 2927 Xenophon
1704 2838 1776 2903 in
1820 2839 1993 2905 villa
2049 2838 2237 2927 apud
2286 2840 2699 2907 Scilluntem
2758 2841 2895 2907 sita

557 2950 646 3015 ab
695 2949 1014 3015 omnibus
1060 2948 1363 3035 negotiis
1411 2948 1621 3033 longe
1668 2955 2043 3027 remotam;
2092 2970 2269 3033 quae
2302 2948 2457 3035 ipsa
2491 2949 2639 3014 vita
2672 2949 2895 3015 otium

557 3057 622 3121 ei
670 3056 859 3121 dedit
905 3062 976 3120 et
1007 3063 1304 3143 tempus,
1352 3060 1432 3119 ut
1477 3076 1558 3119 ea
1592 3052 2082 3137 conscriberet,
2132 3075 2311 3140 quae
2345 3054 2407 3119 ei
2442 3063 2896 3121 occurrerant

556 3170 948 3229 memoratu
1015 3162 1251 3249 digna.
1363 3160 1542 3239 Quid
1615 3167 1849 3225 autem
1920 3160 2384 3248 Xenophonti
2454 3169 2603 3227 tum
2672 3161 2899 3249 magis

558 3292 762 3336 curae
810 3278 1090 3358 poterat
1151 3290 1296 3334 esse
1358 3289 1566 3355 quam
1630 3274 1711 3331 ut
1770 3266 1905 3331 iter
1964 3266 2137 3332 illud
2204 3268 2694 3351 conscriberet,
2758 3290 2895 3355 quo

555 3377 702 3465 ipse
752 3400 972 3465 nuper
1019 3398 1143 3463 per
1191 3376 1430 3440 Asiam
1478 3374 1853 3439 reduxerat
1900 3374 2256 3439 Graecos?

767 3500 864 3565 Et
909 3523 982 3565 re
1029 3522 1196 3565 vera
1229 3498 1616 3564 Anabasim
1662 3497 1965 3584 primum
2014 3497 2349 3586 scriptam
2396 3500 2613 3565 fuisse
2662 3500 2897 3587 aliquo

555 3607 892 3674 sermonis
939 3606 1200 3672 indicio
1251 3604 1661 3671 confirmari
1722 3604 2020 3690 videtur,
2089 3604 2274 3693 quod
2340 3604 2659 3692 equidem
2730 3606 2900 3673 satis

555 3738 770 3803 grave
831 3721 1023 3801 put0‚
1096 3721 1176 3778 ut
1221 3713 1520 3800 primum
1571 3713 1804 3778 locum
1855 3710 2194 3778 obtineat.
2288 3710 2659 3779 Inducitur
2706 3712 2891 3779 enim

557 3824 782 3889 oratio
869 3820 942 3886 in
1034 3820 1336 3886 secundo
1432 3818 1778 3884 Anabasis
1856 3818 2037 3884 'libro
2142 3820 2204 3903 5,
2262 3820 2339 3884 16
2425 3822 2636 3886 verbo
2720 3814 2897 3910 ἄπη-

771 4002 824 4068 1)
863 3999 939 4055 cf.
979 3998 1054 4053 de
1091 3998 1203 4053 hac
1239 4013 1304 4051 re
1343 3996 1481 4051 Joh.
1519 3996 1827 4052 Dahmen:
1866 3995 2267 4062 Quaestiones
2305 3996 2787 4070 Xenophontem
2838 4010 2899 4055 et

559 4090 1020 4144 Antisthenicae
1057 4088 1246 4159 Marp.
1283 4088 1448 4139 1897:
1487 4084 1592 4139 ubi
1630 4085 2075 4156 disputationes
2114 4096 2557 4157 enumerantur,
2596 4106 2747 4155 quae
2783 4090 2901 4143 huc

557 4180 874 4249 pertinent.
951 4176 1254 4233 Adsumas
1308 4174 1374 4227 E.
1413 4174 1867 4243 Schwartzium,
1918 4175 2023 4241 qui
2072 4174 2148 4227 de
2198 4174 2532 4231 Hellenicis
2586 4179 2900 4249 praecipue

555 4268 830 4340 disputat
869 4268 930 4321 in
969 4266 1172 4321 Museo
1211 4264 1404 4317 Rhen.
1443 4272 1482 4316 t..
1523 4266 1594 4317 44
1630 4280 1685 4333 p.
1728 4264 1823 4316 161
1868 4280 1955 4329 sq.
1994 4263 2071 4316 cf.
2110 4280 2165 4335 p.
2205 4266 2273 4318 35
2310 4264 2442 4319 adn.
2488 4266 2533 4319 1.
