3200 4959
1481 278 1879 347 ...3-

514 478 859 565 gnadiges
906 476 1279 543 Fraulein“
1331 477 1584 543 zuckte
1646 476 1768 541 der
1820 474 2045 561 junge
2106 474 2320 539 Fiirst
2376 470 2507 537 mit
2566 469 2864 537 leichter

514 585 746 651 Ironie
796 584 907 649 die
954 582 1300 667 Achseln3
1347 606 1574 671 neque
1606 583 1844 670 lapsus
1882 580 1995 647 hic
2044 589 2171 665 est,
2220 578 2340 667 qui
2386 576 2612 645 invito
2644 576 2860 665 scrip-

515 699 667 757 tore
739 690 1026 757 accidit:
1109 712 1276 761 nam
1345 714 1414 777 p.
1491 690 1617 755 162
1692 689 1881 755 idem
1955 686 2249 753 verbum
2321 684 2395 749 in
2476 682 2687 751 simili
2754 691 2863 751 est

514 798 854 863 usitatum
903 802 1260 863 contextu.

731 922 882 1000 Quo
929 921 1018 985 ad
1065 920 1283 986 finem
1328 921 1669 1009 perducto
1718 919 1889 985 satis
1936 918 2109 984 mihi
2156 918 2400 985 videor
2458 917 2713 985 dixisse
2773 919 2862 984 de

515 1027 736 1094 nostri
784 1026 1120 1115 temporis
1166 1026 1446 1093 fabulis.

727 1151 896 1217 Dixi
943 1160 1151 1217 antea
1199 1152 1288 1216 ad
1335 1150 1552 1217 finem
1604 1152 1949 1239 quendam
1996 1158 2235 1217 nostro
2282 1152 2561 1217 saeculo
2610 1151 2863 1216 deduc-

516 1268 666 1326 tum
713 1282 860 1325 esse
907 1258 1112 1325 huius
1158 1258 1468 1325 libidinis
1516 1258 1902 1325 decursum.

731 1384 812 1449 Id
871 1381 1298 1451 confirmant
1359 1405 1538 1469 quae
1610 1382 2037 1449 antecedunt
2110 1390 2450 1470 tempora.
2544 1382 2619 1449 Si
2674 1383 2859 1449 enim

523 1491 804 1558 fabulas
863 1490 1343 1556 Romanenses
1404 1512 1530 1579 per
1594 1490 1767 1555 haec
1828 1488 2078 1555 ultima
2152 1490 2434 1555 saecula
2493 1513 2711 1577 usque
2772 1490 2861 1557 ad

517 1598 890 1685 septimum
950 1598 1318 1681 decimum,
1387 1596 1509 1663 ubi
1579 1596 1913 1662 maiorem
1974 1594 2277 1684 primum
2343 1604 2860 1684 consequuntur

517 1727 905 1789 numerum,
938 1703 1391 1792 persequeris,
1440 1704 1528 1769 ad
1574 1702 2069 1792 simpliciorem
2102 1701 2402 1769 formam
2436 1702 2861 1771 inductionis

515 1811 800 1877 modum
846 1810 1071 1877 redire
1118 1808 1439 1877 elucebit.

730 1934 1044 2001 Primum
1076 1935 1416 2002 recedunt
1462 1922 1675 2022 atque
1708 1935 2055 2001 tolluntur
2083 1932 2429 2001 formulae
2466 1934 2649 2019 illae,
2684 1958 2862 2024 quae

514 2050 754 2129 gestus
769 2042 880 2107 vel
909 2042 1207 2107 actionis
1225 2048 1521 2107 utuntur
1544 2039 2091 2131 descriptione.¹)
2144 2040 2214 2105 Η
2220 2064 2301 2106 ae
2326 2042 2513 2108 enim
2536 2041 2609 2107 in
2635 2042 2859 2107 lucem

514 2155 944 2215 emerserunt
977 2149 1164 2237 apud
1198 2148 1275 2216 Ο.
1311 2147 1761 2234 Ludwigium
1808 2147 2133 2235 primum,
2183 2169 2224 2212 a
2268 2170 2405 2237 quo
2454 2147 2694 2214 statim
2744 2148 2862 2214 ad-

513 2256 893 2321 mittuntur
968 2278 1052 2321 ea
1127 2278 1352 2342 paene
1430 2251 1717 2319 licentia
1808 2276 1946 2341 qua
2030 2254 2218 2343 apud
2306 2254 2852 2321 Eschthrutiam.

513 2362 850 2427 Attamen
912 2368 1280 2449 separatur
1341 2384 1382 2425 a
1441 2358 1944 2449 posterioribus
2005 2360 2417 2449 Ludwig-ius
2477 2384 2551 2427 re
2597 2360 2853 2451 aliqua,

515 2491 694 2557 quae
741 2468 804 2534 ei
851 2468 1070 2535 favet.
1150 2456 1508 2533 Est-enim
1558 2465 1644 2532 iis
1704 2488 1869 2532 usus
1929 2466 2233 2532 maxime
2294 2476 2377 2533 ut
2422 2491 2711 2535 scaenas
2757 2468 2854 2535 io·

515 2598 712 2641 cosas
743 2574 1150 2663 diligentius
1185 2574 1594 2663 depingant.
1656 2572 1905 2655 Qualia
1937 2571 2213 2640 invenis
2244 2571 2317 2639 in
2365 2574 2629 2659 fabula,
2679 2597 2855 2662 quae

513 2681 924 2748 Heitereitei
971 2680 1395 2766 inscribitur,
1454 2680 1531 2745 in
1575 2704 1641 2768 p.
1694 2681 1811 2746 61:
1896 2678 2185 2767 „schlug
2249 2681 2363 2746 die
2425 2682 2677 2747 Hande
2740 2704 2855 2747 zu-

845 2826 940 2837 ,-

763 2878 816 2945 1)
873 2874 1020 2931 Illas
1082 2876 1370 2931 nimirum
1431 2872 1566 2929 dico
1628 2874 1948 2943 formulas,
2020 2891 2174 2942 quae
2228 2876 2857 2947 interponuntur

511 2964 806 3034 orationi3
861 2982 1004 3019 nam
1055 2964 1217 3032 quod
1269 2963 1679 3019 antecedit
1734 2963 1996 3019 orationi
2050 2970 2263 3035 gestus
2322 2964 2447 3018 vel
2502 2964 2855 3021 actionis

511 3054 984 3125 descriptio,
1021 3054 1098 3109 ad
1123 3053 1314 3108 multo
1341 3053 1654 3120 antiquius
1700 3052 1961 3124 pertinet
1998 3058 2267 3124 tempus:
2309 3054 2531 3125 quippe
2560 3070 2696 3109 cum
2734 3053 2858 3109 tale

509 3140 656 3210 quid
703 3144 824 3199 iam
871 3142 1034 3215 apud
1079 3148 1290 3215 poetas
1331 3158 1615 3197 romanos
1654 3142 2001 3197 inveniatur
2044 3172 2118 3183 --
2162 3141 2325 3196 sicut
2360 3140 2535 3214 Prop.
2579 3142 2649 3213 V,
2700 3144 2747 3213 7,
2792 3144 2855 3197 12

512 3231 712 3287 solum
751 3232 1017 3287 orationi
1053 3231 1466 3303 praemittitur
1507 3230 1863 3303 „pollicibus
1904 3229 2157 3303 fragiles
2205 3230 2556 3302 increpuere
2592 3233 2856 3301 manus“,

509 3320 631 3388 ubi,
682 3321 801 3375 nisi
853 3337 952 3375 res
1003 3336 1100 3374 me
1137 3316 1378 3391 decipit,
1431 3336 1506 3373 ex
1557 3318 1828 3373 metricis
1886 3319 2092 3373 causis
2130 3318 2243 3388 vel,
2282 3324 2354 3372 ut
2405 3320 2607 3375 acrius
2645 3318 2857 3389 dicam,

511 3424 586 3463 ex
623 3409 845 3463 inertia
882 3407 1086 3476 aliqua
1123 3406 1363 3463 dicendi
1399 3408 1696 3479 originem
1734 3408 1924 3462 sumit
1960 3406 2059 3461 hic
2096 3424 2278 3463 usus:
2317 3424 2457 3463 nam
2494 3408 2700 3480 inopia
2750 3409 2857 3463 ali-

509 3514 628 3564 qua
681 3496 952 3552 laborare
1001 3496 1352 3553 huiusmodi
1409 3495 1822 3552 inductionem
1878 3502 2115 3569 poetam
2170 3497 2375 3569 ipsum
2428 3514 2549 3552 non
2600 3496 2860 3570 effugit:

508 3586 624 3641 hoc
661 3586 829 3641 illinc
865 3586 1078 3656 elucet,
1117 3585 1279 3653 quod
1315 3585 1677 3657 saepissime
1711 3586 1813 3641 his
1850 3586 2001 3659 ipsis
2038 3586 2191 3642 locis
2230 3590 2513 3641 accurata
2566 3591 2628 3640 et
2676 3586 2861 3660 longa

509 3674 891 3747 abruptionis
929 3674 1193 3731 formula
1229 3675 1570 3731 orationem
1607 3676 1899 3743 sequitur.

721 3780 793 3835 In
847 3786 1060 3837 nostra
1112 3780 1322 3853 lingua
1373 3780 1673 3849 quomodo
1724 3784 1779 3837 is
1836 3798 2005 3851 usus,
2054 3784 2127 3835 ut
2180 3779 2443 3835 orationi
2478 3780 2610 3835 sola
2644 3790 2859 3855 gestus

507 3870 833 3941 descriptio
871 3876 1290 3943 anteponatur,
1349 3868 1414 3925 in
1450 3873 1651 3927 maius
1690 3874 1908 3927 auctus
1948 3870 2047 3939 sit,
2086 3868 2268 3946 hodie
2305 3886 2426 3923 non
2466 3874 2694 3939 tract03
2746 3873 2861 3927 sci-

505 3959 650 4013 licet
689 3974 762 4013 ex
800 3957 1028 4031 dialogi
1066 3975 1185 4013 usu
1221 3958 1370 4013 haec
1410 3958 1607 4013 forma
1662 3956 1948 4027 loquendi
1998 3959 2061 4012 in
2114 3958 2269 4013 alios
2324 3956 2491 4013 locos
2542 3960 2861 4031 irrepsisse

508 4047 658 4103 mihi
694 4047 966 4103 videtur:
1017 4048 1096 4105 cf.
1135 4048 1302 4103 locos
1353 4048 1510 4105 tales
1550 4054 1620 4103 ut
1672 4046 1895 4120 Engel:
1948 4047 2185 4102 Lorenz
2238 4046 2419 4102 Stark
2474 4046 2563 4103 ed.
2612 4047 2860 4105 Reclam

506 4156 561 4209 p.
613 4138 682 4192 32
729 4178 741 4192 .
784 4178 796 4191 .
837 4177 850 4191 .
903 4136 1111 4207 „Nun“
1167 4178 1230 4192 ..
1272 4177 1285 4191 .
1333 4137 1434 4193 Er
1467 4139 1659 4210 ging
1695 4138 1834 4193 mit
1871 4138 2123 4193 einem
2158 4136 2387 4193 Blick
2424 4136 2589 4193 voll
2629 4137 2859 4195 Miss—

505 4231 708 4283 muts
747 4226 1016 4282 umher
1051 4226 1203 4285 und
1237 4226 1412 4283 rieb
1463 4226 1639 4283 sich
1676 4226 1797 4283 die
1848 4224 2129 4285 stirne.
2192 4224 2359 4299 „Ach
2408 4243 2479 4283 es
2520 4228 2609 4285 ist
2656 4229 2859 4288 nichts
