3200 4959
1501 298 1901 368 ..68-

737 498 893 564 Ηοο
939 496 1100 563 inde
1149 497 1398 581 elucet,
1443 496 1635 583 quod
1664 495 1841 563 alias
1872 514 2151 585 quoque
2188 492 2527 565 formulas
2574 497 2863 565 adhibet

525 606 615 673 cf.
678 596 1016 694 ἆνεβόησεν
1077 603 1297 671 XVH
1339 604 1550 689 51,3;
1619 602 1809 669 XIX
1844 604 1951 689 41,
1982 606 2053 685 13
2100 605 2314 689 97‚3;
2374 604 2675 690 βοώντων
2716 604 2865 671 ΧΧ

523 714 727 799 63,5;
796 711 1070 778 accedit
1125 710 1418 776 verbum
1479 708 1809 799 ἐπερωτᾶν
1867 709 1981 776 ΧΙ
2024 713 2089 795 6,
2118 712 2190 795 1;
2260 711 2402 777 XV
2460 713 2629 798 6‚4;
2697 714 2859 797 6,6;

525 818 742 886 XVII
805 819 954 904 117,
978 819 1055 902 4;
1127 817 1278 883 XX
1349 818 1452 901 14,
1479 819 1557 886 6:
1628 824 1877 885 contra
1946 818 2159 885 semel
2228 824 2509 887 tantum
2576 818 2865 887 verbum

525 924 802 1014 ἐρέσθαι
845 924 1102 993 XVHI
1148 925 1256 1009 66,
1281 925 1346 992 5.

739 1033 850 1098 Ex
902 1031 1152 1120 quibus
1212 1031 1381 1120 ipsis
1440 1030 1671 1097 verbis
1731 1030 1905 1097 illud
1968 1054 2243 1121 quoque
2305 1039 2622 1121 apparet,
2684 1034 2867 1100 unde

525 1139 717 1207 vocis
765 1138 946 1207 εἶπεν
1006 1160 1316 1205 amorem
1377 1136 1728 1205 Diodorus
1786 1140 2183 1227 sumpserit.
2275 1139 2462 1206 Nam
2528 1140 2661 1207 hoc
2721 1140 2865 1206 fere

524 1249 672 1314 solo
734 1247 949 1313 verbo
1020 1246 1107 1312 ad
1180 1244 1534 1312 orationes
1595 1246 2026 1312 inducendas
2085 1245 2205 1312 ine
2265 1247 2580 1335 vulgaris
2640 1270 2867 1315 sermo

524 1354 768 1439 utitur,
816 1374 1021 1440 quem
1071 1352 1398 1419 novimus
1443 1374 1532 1418 ex
1580 1350 1836 1419 Vetere
1884 1351 2335 1421 Testamento
2388 1354 2867 1443 similibusque

523 1460 836 1549 scriptis:
885 1458 1100 1527 habet
1129 1460 1316 1525 idem
1347 1459 1665 1547 vulgaris
1696 1480 1923 1527 sermo
1970 1482 2057 1527 ex
2102 1460 2339 1527 verbis
2383 1460 2867 1549 interrogandi

522 1567 748 1635 solum
782 1566 1045 1656 ἐρωτᾶν,
1077 1588 1443 1653 nunquam
1474 1564 1783 1655 ἐρέσθαιε
1832 1578 2027 1634 amat
2056 1566 2243 1634 idem
2274 1590 2500 1635 sermo
2549 1570 2867 1657 vulgaris

522 1676 738 1742 verba.
785 1674 1156 1741 clamandi.

737 1781 932 1869 Ergo
979 1781 1114 1848 hoc
1159 1781 1308 1846 fere
1355 1780 1730 1847 dicendum
1778 1780 1864 1847 de
1910 1779 2203 1847 Diodori
2248 1804 2597 1849 sermone:
2667 1804 2866 1871 prae-

523 1891 717 1955 valet
749 1886 1152 1955 Atticorum
1186 1886 1605 1969 auctoritas3
1656 1893 1727 1952 et
1759 1887 2041 1973 quidem
2072 1896 2327 1974 regnat
2356 1888 2532 1955 haec
2564 1890 2865 1956 auctori-

523 2002 633 2062 tas
679 1994 985 2061 maxime
1030 1994 1105 2059 in
1151 1994 1525 2061 verborum
1571 1992 2071 2079 collocation03
2133 1995 2327 2061 valet
2371 1994 2445 2061 in
2492 1995 2865 2063 verborum

525 2104 800 2169 delectu
847 2123 1071 2168 sermo
1121 2101 1457 2188 vulgaris,

737 2209 1034 2275 Accedit
1065 2208 1205 2275 alia
1237 2207 1655 2275 auctoritas:
1712 2207 2095 2275 latinum
2128 2209 2285 2276 dico
2314 2232 2725 2279 sermonem.
2788 2211 2863 2278 Si

525 2316 712 2383 enim
757 2316 1176 2382 Latinorum
1225 2314 1564 2382 orationis
1627 2315 1896 2381 solutae
1956 2314 2221 2402 priscos
2282 2317 2655 2405 scriptores
2714 2340 2867 2407 per-

525 2422 746 2490 curris
777 2462 862 2473 -—
893 2422 1233 2489 Catonern
1281 2421 1437 2487 dico
1471 2420 1730 2509 quique
1763 2442 1921 2487 eum
1968 2421 2287 2489 imitatur
2331 2422 2713 2491 Salustium
2744 2450 2867 2491 —·-:

523 2529 926 2619 saepissime
973 2552 1056 2597 ea
1087 2530 1304 2595 verba
1349 2528 1613 2594 usitate.
1656 2526 1949 2613 videbis,
1982 2551 2162 2617 quae
2208 2530 2527 2619 pluribus
2572 2533 2868 2599 vocibus

526 2645 764 2707 actum
821 2636 1052 2725 ipsum
1115 2633 1393 2703 dicendi
1451 2634 2065 2703 circumscribunt:
2138 2636 2229 2703 cf.
2293 2638 2443 2705 Cat.
2505 2639 2590 2707 de
2650 2639 2865 2728 agric.

526 2768 582 2811 c.
648 2746 808 2828 139;
883 2745 1032 2828 141,
1059 2743 1121 2827 4,
1147 2744 1192 2808 4
1255 2742 1394 2829 „sic
1453 2741 1675 2807 verba
1743 2742 2163 2830 concipit0“.
2258 2744 2397 2812 Sal.
2471 2746 2674 2813 Catil.
2746 2749 2865 2831 203

521 2853 641 2936 523
704 2852 790 2918 57
865 2850 1296 2939 „orationem
1355 2848 1836 2917 huiuscemodi
1902 2848 2189 2917 habuit“
2257 2850 2435 2919 Bell.
2505 2852 2673 2941 Jug.
2742 2854 2867 2919 102

529 2960 782 3045 „verba
841 2956 1090 3039 fecit“;
1151 2956 1318 3021 ibid.
1367 2956 1409 3020 9
1461 2956 1981 3043 „huiuscemodi
2042 2957 2256 3023 verba
2317 2957 2683 3026 habuisse“
2734 2967 2864 3027 etc.

524 3064 944 3132 Huiusmodi
989 3084 1156 3129 vero
1206 3062 1594 3129 locutiones
1642 3084 1987 3149 nusquam
2048 3063 2278 3130 adhuc
2327 3067 2514 3153 apud
2561 3066 2866 3134 Graecos

520 3174 854 3261 legimuS,
947 3178 1195 3237 contra
1265 3168 1482 3236 habet
1551 3168 1724 3235 talia
1792 3168 2177 3236 Diodorus:
2250 3170 2340 3237 cf.
2413 3172 2593 3239 XIV
2662 3174 2770 3259 64,
2823 3175 2865 3240 5

520 3272 930 3368 ἀπετόλμησε
1003 3278 1320 3356 τοιούτοις
1394 3276 1776 3365 χρήσασθαι
1856 3275 2103 3361 λόγοις;
2198 3276 2386 3342 XIII
2464 3280 2572 3364 28,
2617 3282 2651 3345 1
2738 3290 2867 3348 τῶν

521 3385 728 3473 λόγων
758 3386 870 3475 τὴν
915 3378 1109 3472 ἀρχὴν
1141 3383 1442 3451 ἐντεῦθεν
1489 3382 1874 3471 ἐποιήσατοε
1930 3389 2206 3450 constat
2252 3406 2417 3451 vero
2465 3386 2653 3453 hunc
2698 3386 2865 3454 Dio-

523 3494 770 3561 dorum
820 3513 1064 3558 revera
1111 3489 1331 3555 latine
1378 3488 1571 3578 loqui
1619 3488 1938 3555 didicisse
1993 3529 2067 3539 —
2118 3489 2209 3557 cf.
2258 3490 2405 3558 eius
2450 3493 2495 3560 l.
2542 3494 2579 3560 Ι
2612 3517 2767 3582 cap.
2800 3496 2862 3561 5.

735 3600 884 3667 Nec
917 3606 1176 3665 temere
1207 3618 1319 3663 me
1351 3594 1534 3663 hanc
1565 3596 1894 3663 statuisse
1920 3596 2337 3665 Latinorum
2368 3600 2865 3670 auctoritatem

525 3710 706 3776 alter
753 3707 872 3773 ifle
917 3704 1218 3792 scriptor
1263 3702 1699 3791 comprobat,
1746 3702 1867 3790 qui
1912 3710 2021 3770 est
2065 3704 2581 3793 Dionysius
2822 3696 2825 3699 ⁴

736 3811 1116 3899 Dionysius
1177 3810 1366 3876 enim
1423 3810 1578 3898 ipse
1636 3810 1953 3877 fontibus
2014 3832 2177 3876 usus
2236 3819 2381 3897 est,
2450 3814 2575 3901 qui
2642 3816 2864 3883 latine

521 3920 902 4010 conscripti
947 3924 1186 3985 erant:
1237 3918 1326 3982 cf.
1359 3918 1405 3982 1.
1446 3918 1481 3982 I
1515 3940 1571 3982 c.
1620 3918 1683 3983 8.
1777 3918 2089 3995 Quocum
2140 3916 2211 3981 id
2260 3921 2629 4008 consentit,
2678 3925 2865 4011 quod

512 4031 741 4097 -multo
790 4024 1227 4113 frequentius
1275 4044 1485 4110 quam
1531 4021 1881 4089 Diodorus
1948 4022 2070 4089 illa
2132 4024 2348 4092 verba
2409 4028 2715 4117 exhibet,
2780 4034 2863 4097 de

521 4138 768 4227 quibus
841 4134 1048 4201 modo
1115 4130 1264 4218 egi;
1335 4128 1788 4195 inveniuntur
1848 4129 2021 4197 talia
2082 4153 2321 4221 saepe:
2393 4134 2483 4201 cf.
2546 4137 2868 4219 τοιούτοις

519 4243 829 4335 ἐχρήσατο
887 4239 1104 4325 λόγοις
1150 4237 1252 4303 VI
1310 4237 1418 4321 59,
1482 4237 1588 4323 71,
1652 4236 1791 4303 VH
1852 4238 1960 4323 39,
2022 4240 2143 4322 473
2212 4240 2545 4322 τοιούτους
2602 4244 2865 4315 διέθετο
