3200 4959
1357 375 1753 443 „33-

380 571 589 639 modo
613 592 860 639 vocem
889 569 1015 661 ἔφη
1045 608 1117 623 -
1151 563 1687 658 ..ἀναγελάσας
1716 571 1829 641 ἐπὶ
1857 584 1949 663 τῷ
1981 566 2299 663 Ἐρετριεῖ
2328 578 2723 667 Σοφοκλῆς

379 672 570 767 (Οὕδὲ
636 679 780 745 τόδε
843 698 954 746 σοι
1023 670 1280 766 ἀρέσκει
1349 672 1508 765 α’ρα,
1587 669 1641 745 ὦ
1709 680 1871 761 ξένε,
1948 681 2025 749 τὸ
2100 684 2513 767 Σιμωνίδειον
2573 736 2587 751 .
2638 738 2651 751 .
2704 736 2717 751 .

379 790 755 877 Πορφυρέου
781 778 920 853 ἄπο
951 785 1274 869 στόματος
1303 792 1476 852 ἱεῖσα
1517 786 1741 875 φωνὰν
1770 793 2131 875 παρθένος·
2116 840 2133 874 ,
2182 781 2372 857 ουᾶΗ
2342 816 2379 857 ο
2423 792 2719 881 ποιητὴς)

379 892 532 983 ἔφη
576 894 806 981 (λέγων
837 944 852 958 .
889 941 902 958 .
939 942 954 959 .
989 892 1092 980 .>¹)
1133 930 1231 975 -,
1264 892 1384 958 sed
1431 892 1647 959 etiam
1677 890 1859 961 εἶπεν
1890 934 1977 945 -—
2008 902 2083 961 et
2112 896 2394 984 quidem
2440 920 2719 986 separa·
2777 912 2781 916 ’

375 1008 496 1066 tur
538 998 712 1066 haec
759 1006 1112 1087 postrema
1157 1020 1296 1065 vox
1346 1020 1388 1064 a
1431 998 1765 1085 genetivo
1814 1001 2048 1089 aliquo
2108 1002 2459 1071 absoluto:
2519 996 2718 1073 'Em-

375 1105 820 1195 κροτησάντων
866 1105 933 1171 δὲ
977 1104 1242 1172 πάντων
1303 1154 1520 1173 .....
1571 1106 1893 1195 (Manca)
1953 1104 2137 1177 εἶπε
2180 1108 2603 1200 (στρατηγεῖν,
2664 1102 2719 1178 ὦ

371 1210 594 1301 ἄνδρες
639 1266 654 1281 .
697 1262 712 1281 .
748 1214 816 1301 .>.
909 1212 1116 1277 Hunc
1185 1232 1388 1279 usum
1461 1234 1823 1301 nunquam
1884 1214 2244 1283 habebant
2303 1220 2716 1285 anteceden-

371 1330 501 1407 tes,
547 1340 908 1407 nunquam
953 1322 1100 1407 ipse
1148 1320 1584 1385 Herodotus:
1636 1320 2004 1388 exhibetur
2050 1344 2257 1412 saepe
2303 1324 2417 1391 hic
2463 1348 2627 1393 usus
2674 1348 2715 1391 a

371 1426 892 1517 posterioribus.
985 1426 1178 1512 Ergo
1213 1426 1600 1493 breviorem
1640 1427 1719 1493 Io
1766 1430 2057 1515 praebet
2086 1452 2473 1497 sermonem
2506 1455 2714 1520 quam

371 1557 612 1604 omnes
659 1533 874 1601 ceteri
921 1554 1170 1621 prosae
1215 1532 1552 1601 orationis
1598 1534 1993 1622 scriptores,
2056 1536 2175 1623 qui
2222 1537 2480 1605 eisdem
2540 1550 2713 1605 tem-

367 1642 656 1730 poribus
698 1639 1054 1707 vivebant.

581 1766 718 1833 Sed
765 1764 1112 1853 quomodo
1145 1764 1540 1853 explicatur
1569 1764 1745 1833 haec
1778 1767 2113 1835 sermonis
2145 1768 2480 1837 licentia?
2558 1773 2625 1839 Ν
2628 1796 2707 1839 ec

365 1873 538 1939 illud
609 1872 962 1961 explicare
1032 1870 1164 1937 hoc
1225 1872 1382 1937 loco
1443 1871 1631 1957 vo10‚
1698 1874 1885 1939 unde
1954 1882 2184 1942 ortum
2244 1878 2507 1965 ceperit
2562 1879 2709 1967 ipse

364 1978 920 2068 interpositionis
965 1998 1152 2061 usus,
1211 1978 1330 2043 sed
1380 1978 1568 2045 illius
1614 1979 1713 2046 rei
1762 2002 2009 2047 causas
2056 2004 2339 2067 quaero,
2390 2006 2513 2050 cur
2559 1985 2705 2074 ipse

361 2088 466 2173 Io,
534 2110 678 2155 non
747 2084 1224 2173 Thucydides,
1294 2084 1482 2153 hunc
1553 2108 1755 2153 usum
1829 2088 2209 2174 admiserit,
2280 2114 2704 2179 quamquam

359 2202 642 2261 secutus
687 2204 794 2261 est
840 2192 1204 2260 scribendo
1253 2191 1700 2279 Thucydides
1744 2194 2009 2279 Ionem,
2054 2196 2377 2285 idemque
2426 2198 2704 2287 Thucy-

360 2302 557 2369 dides
603 2299 902 2367 Athenis
949 2306 1156 2366 natus
1218 2308 1389 2383 erat,
1452 2298 1526 2365 in
1589 2322 1671 2365 ea
1732 2300 1999 2367 scilicet
2060 2302 2371 2389 civitate,
2432 2306 2553 2371 ubi
2615 2307 2699 2371 ad

358 2428 708 2479 summum
754 2428 976 2495 paene
1024 2406 1346 2494 pervenit
1389 2406 1764 2473 verborum
1812 2408 2273 2495 interpositio

573 2532 978 2599 Tribuenda
1021 2528 1195 2595 mihi
1241 2529 1518 2596 videtur
1558 2529 1735 2597 haec
1776 2532 2054 2597 dicendi
2093 2533 2430 2621 digressio
2478 2536 2703 2601 diver-

357 2662 477 2707 sae
539 2660 828 2727 operum
891 2644 1206 2704 naturae.
1299 2636 1609 2703 Deerant
1684 2638 1869 2703 enim
1930 2638 2124 2706 Ionis
2192 2642 2279 2707 de
2349 2664 2485 2729 quo
2556 2644 2703 2709 dixi

358 2745 722 2813 itinerario
769 2743 1024 2828 omnia,
1081 2765 1260 2831 quae
1305 2743 1817 2831 coniungerent
1862 2744 1995 2811 hoc
2042 2768 2219 2834 opus
2278 2771 2437 2815 cum
2508 2757 2703 2817 ante-

357 2852 772 2921 cedentibus
816 2850 1113 2937 scriptis.
1208 2850 1429 2917 Nemo
1477 2850 1653 2917 talia
1698 2858 1863 2917 ante
1934 2852 2306 2941 scripserat
2366 2856 2695 2943 nulloque

355 2958 680 3048 exemplo
727 2958 820 3025 Io.
851 2956 1213 3039 utebatur3
1263 2964 1510 3023 contra
1555 2955 1985 3045 Thucydidis
2031 2959 2193 3027 libri
2224 2962 2411 3030 viam
2459 2985 2696 3049 seque-

361 3069 618 3133 bantur
661 3065 753 3132 ab
800 3063 958 3129 aliis
1001 3061 1142 3129 iam
1191 3062 1464 3129 tritam:
1537 3062 1738 3149 atqui
1796 3087 1921 3152 pro
1982 3088 2229 3133 norma
2274 3092 2515 3136 severa
2561 3070 2694 3137 hoc

357 3172 668 3261 antiquis
713 3178 886 3255 erat,
933 3180 1015 3237 ut
1059 3190 1418 3258 nunquam
1468 3170 1607 3237 nisi
1652 3171 1940 3259 paulum
1996 3172 2087 3239 ab
2133 3176 2695 3243 antecedentium

357 3279 680 3367 exemplo
729 3278 1164 3350 decederent.
1259 3276 1437 3343 Rem
1484 3276 1600 3343 hic
1647 3276 2119 3364 observamus,
2182 3302 2359 3367 quae
2418 3284 2695 3371 saepius

358 3386 561 3453 nobis
629 3390 966 3450 occurret.
1059 3383 1490 3451 Acciderunt
1549 3384 1737 3452 enim
1798 3384 2051 3453 similia
2110 3410 2253 3455 non
2312 3388 2415 3456 ita
2474 3392 2694 3459 multo

357 3501 520 3583 post
563 3492 636 3559 in
683 3488 1182 3579 Xenophonte,
1232 3490 1428 3557 cuius
1475 3489 1753 3579 quidem
1804 3493 2258 3560 vetustiorem
2306 3518 2691 3564 sermonem

355 3599 689 3667 historiae
737 3596 1064 3680 retinent,
1112 3617 1374 3663 novum
1425 3605 1787 3665 assumunt
1833 3598 2114 3687 dialogi.
2208 3601 2389 3668 Item
2450 3612 2693 3691 postea

355 3728 635 3797 quoque
681 3727 826 3771 non
878 3711 1026 3769 tam
1083 3701 1458 3791 scriptores
1519 3703 1653 3791 ipsi
1712 3704 2049 3773 sermonis
2112 3706 2533 3775 imminuunt
2583 3734 2694 3777 co-

355 3835 614 3879 nexum
662 3820 734 3878 et
781 3810 1352 3895 concinnitatem,
1412 3810 1530 3875 sed
1592 3832 1675 3877 ea
1719 3810 2116 3877 litterarum
2174 3836 2455 3900 genera,
2516 3840 2693 3903 quae

355 3941 544 3985 nova
606 3919 694 3985 ad
770 3924 934 3982 ante
1007 3916 1152 3982 iam
1223 3923 1394 3981 nota
1471 3916 1837 3983 accedunt.
1944 3918 2051 3984 Cf.
2137 3922 2325 4007 apud
2399 3922 2691 3991 Latinos

353 4028 693 4095 Senecam
741 4032 816 4089 et
860 4024 1288 4090 Petronium.

573 4204 624 4267 1)
661 4200 906 4255 Scilicet
941 4198 1054 4253 hoc
1091 4198 1343 4255 verbum
1368 4216 1490 4254 non
1525 4200 1725 4271 ipsam
1750 4202 2085 4257 orationem
2108 4201 2359 4273 inducit«,
2396 4204 2503 4259 sed
2530 4214 2693 4277 post-

354 4292 534 4351 modo
573 4290 832 4345 orationi
871 4288 1292 4343 intercalatur:
1331 4288 1410 4341 of.
1445 4288 1522 4343 de
1559 4288 1674 4343 hoc
1712 4306 1829 4345 usu
1866 4308 1921 4362 p.
1956 4292 2043 4345 42.
