3200 4959
1267 352 1667 418 -51-

291 552 573 611 amatur
653 568 824 613 vero
895 546 1030 613 hoc
1112 546 1404 613 verbum
1473 548 1550 613 in
1618 546 1933 615 Anabasi
2009 557 2081 615 et
2164 549 2637 638 Cyropaedia3

291 674 462 740 ergo
509 653 584 718 in
631 652 766 719 hac
812 674 1088 743 quoque
1119 676 1194 719 re
1228 648 1396 719 cum'
1436 653 1737 742 dialogis
1768 656 2221 722 consentiunt
2250 655 2637 723 Hellenica.

507 777 660 845 Iam
693 778 782 843 ad
821 778 1040 844 finem
1071 780 1218 845 fere
1250 780 1564 867 perduxi,
1598 780 1787 866 quod
1815 780 2129 846 notabile
2160 778 2377 847 habet
2400 781 2639 847 Xeno-

291 884 642 971 phonteus
688 906 934 952 sermo.

507 992 743 1059 Pauca
790 999 1069 1058 tantum
1116 993 1332 1058 verba
1381 993 1635 1059 addam
1695 992 1779 1059 de
1827 993 2020 1059 vocis
2076 991 2285 1079 ἔλεγεν
2342 1016 2505 1077 usu;
2568 1000 2639 1058 et

292 1097 468 1163 haec
531 1098 678 1165 fere
749 1098 1136 1165 sufficiant.
1249 1100 1408 1166 Non
1469 1099 1742 1165 deletur
1808 1099 1880 1166 in
1950 1100 2427 1189 Xenophonte
2495 1100 2636 1185 illa,

293 1227 504 1291 quam
539 1205 614 1270 in
646 1206 1007 1272 Herodoto
1041 1212 1112 1271 et
1144 1204 1217 1271 in
1251 1205 1661 1294 Thucydide
1695 1205 2257 1281 observabamus,
2305 1208 2638 1295 temporis

289 1312 692 1399 imperfecti
739 1312 812 1377 in
861 1312 1278 1400 significatu
1311 1311 1700 1382 subtilitas:
1750 1312 1963 1379 immo
2010 1312 2449 1379 manifestius
2496 1314 2637 1379 tale

293 1418 460 1505 quid
531 1418 747 1485 statui
816 1426 1052 1507 potest
1121 1420 1194 1485 in
1255 1418 1755 1508 Xenophonte.
1848 1420 2030 1486 Nam
2102 1419 2337 1487 omnia
2407 1428 2637 1486 cetera

291 1526 508 1592 verba
555 1526 834 1614 saepius
882 1527 1245 1613 accipiunt
1290 1527 1760 1616 postpositum
1808 1526 1940 1593 sibi
2000 1526 2309 1593 verbum·
2354 1526 2481 1616 ἔφη
2545 1527 2634 1593 cf.

291 1633 626 1700 tabellam
654 1633 766 1699 II:
793 1640 1038 1699 contra
1068 1633 1216 1699 sola
1243 1655 1382 1699 vox
1409 1632 1619 1720 ἔλεγεν
1642 1633 1825 1699 hanc
1854 1633 2285 1699 additionem
2309 1634 2634 1702 declinat.

292 1741 493 1807 Adde
563 1740 773 1826 illud,
844 1740 1029 1827 quod
1099 1738 1448 1806 rarissime
1517 1748 1797 1807 tantum
1867 1740 1940 1806 in
2011 1740 2447 1807 orationibus
2516 1742 2634 1826 eis,

293 1870 472 1934 quae
533 1848 746 1914 verbo
809 1846 1018 1934 ἔλεγεν
1063 1846 1510 1932 inducuntur,
1574 1847 1925 1935 loquentis
1986 1847 2320 1913 memoria
2381 1847 2635 1913 iterata

293 1974 464 2021 voce
513 1952 640 2043 ἔφη
693 1952 1180 2021 resuscitatur:
1251 1952 1393 2019 iam
1450 1954 1828 2021 manifesto
1891 1954 2150 2038 elucet,
2214 1976 2424 2042 quam
2485 1954 2637 2019 dili-

293 2066 542 2147 genter
604 2069 812 2149 atque
875 2060 1224 2127 subtiliter
1279 2060 1686 2149 Xenophon
1744 2060 2117 2148 scripserit,
2196 2060 2453 2149 quippe
2515 2062 2635 2147 qui

293 2168 424 2234 hoc
489 2168 642 2257 ipso
690 2166 1104 2255 imperfecto
1164 2166 1366 2253 quasi
1426 2174 1657 2233 totum
1716 2167 1787 2232 id
1854 2174 2128 2255 tempus
2187 2167 2638 2255 comprehen-

293 2274 492 2360 derit,
541 2297 666 2363 per
713 2273 896 2362 quod
946 2276 1172 2340 oratio
1222 2272 1738 2362 pronuntiatur.

504 2400 695 2487 Ergo
745 2400 818 2464 in
868 2398 998 2465 hac
1049 2421 1323 2487 quoque
1370 2420 1442 2464 re
1493 2399 1579 2465 ad
1614 2398 1834 2466 finem
1866 2399 2187 2488 perducit
2220 2398 2627 2489 Xenophon

289 2506 478 2594 quod
526 2506 840 2594 aggressi
886 2514 1088 2572 erant
1148 2506 1643 2573 antecedentes
1708 2529 1956 2595 prosae
2018 2506 2356 2573 orationis
2422 2507 2635 2594 scrip-

292 2622 500 2683 toreS.

503 2719 714 2787 Cuius
759 2718 1014 2786 similia
1059 2720 1280 2785 multa
1314 2719 1518 2786 nobis
1549 2728 2019 2787 occurrerunt.
2100 2720 2413 2786 Primum
2446 2720 2630 2786 enim

289 2826 661 2894 verborum
724 2825 1362 2915 interpositionem,
1425 2825 1621 2892 cuius
1686 2826 1967 2892 initium
2027 2826 2169 2892 iam
2230 2827 2633 2895 Herodotus

288 2935 481 3019 fecit,
549 2934 638 2999 ad
685 2933 1022 3000 maiorem
1067 2933 1538 3021 frequentiam
1585 2932 1991 3021 Xenophon
2038 2934 2399 3021 perduxit3
2462 2933 2633 2999 item

291 3044 376 3108 ad
410 3042 746 3108 maiorem
777 3039 1302 3127 simplicitatem
1335 3040 1576 3127 adegit
1609 3040 1981 3106 verborum
2014 3041 2394 3121 delectum;
2444 3040 2635 3107 deni-

291 3170 422 3237 que
467 3147 799 3215 liberavit
844 3168 1232 3213 sermonem
1281 3169 1322 3211 a
1370 3147 1669 3213 vinculis
1732 3146 1889 3231 illis,
1951 3146 2204 3233 quibus
2262 3148 2635 3213 tenebatur

292 3254 633 3322 Herodoti
681 3275 928 3320 sermo.

503 3362 654 3427 Nec
717 3368 976 3445 tamen,
1048 3368 1128 3427 ut
1197 3362 1286 3427 ad
1355 3367 1746 3427 extremum
1816 3359 1924 3427 his
1994 3360 2065 3425 in
2134 3362 2339 3425 rebus
2406 3382 2631 3427 sermo

291 3470 724 3537 excoleretur
789 3476 858 3534 et
929 3466 1393 3554 expoliretur,
1456 3491 1496 3533 a
1555 3466 2035 3555 Xenophonte
2094 3467 2431 3533 effectum
2492 3474 2631 3549 est;

293 3578 522 3660 immo,
571 3577 756 3663 quod
807 3596 1176 3662 aggressus
1222 3580 1374 3641 erat
1419 3574 1846 3661 Xenophon,
1896 3575 2195 3663 perfecit
2241 3574 2475 3640 Plato,

502 3702 637 3768 Sed
663 3701 1068 3789 priusquam
1100 3700 1190 3764 ad
1223 3698 1408 3763 hunc
1443 3700 1719 3783 accedo,
1754 3700 2095 3765 nonnulla
2130 3700 2342 3765 verba
2377 3699 2629 3765 addam

291 3806 372 3877 de
419 3807 916 3896 Xenophontis
964 3806 1198 3893 aliqua
1247 3806 1677 3893 proprietate
1725 3827 1903 3893 quae
1952 3812 2306 3892 superest,
2356 3806 2627 3871 eadem—

295 3938 422 4004 que
469 3914 847 3981 transitum
895 3912 1092 3979 dabit
1139 3912 1228 3977 ad
1276 3911 1669 3981 Platonem.

500 4039 713 4106 Nulla
745 4038 932 4105 enim
964 4060 1136 4105 voce
1169 4038 1534 4103 interiecta
1569 4037 1658 4102 ab
1691 4036 2007 4103 oratione
2042 4036 2348 4122 separari
2394 4036 2630 4101 'solent

293 4172 494 4215 voces
542 4147 666 4237 ’ἐφη
711 4146 826 4211 vel
873 4142 1072 4224 εἶπεν,
1121 4145 1178 4210 si
1227 4142 1531 4211 orationi
1579 4143 2159 4231 praemittuntur:
2226 4150 2295 4205 et
2344 4144 2623 4230 quidem

295 4258 390 4323 ita
442 4255 778 4323 continuo
838 4252 991 4339 ipsa
1052 4252 1277 4318 oratio
1339 4250 1607 4339 excipit
1665 4252 1955 4315 verbum
2018 4246 2626 4334 introductoriam,
