3200 4959
1519 286 1965 357 ...le-.-

559 486 890 571 agnoscis
956 484 1286 571 loquendi
1365 485 1781 551 varietatem
1854 484 2325 551 Homericam.
2436 484 2531 551 Et
2596 508 2671 551 re
2740 506 2921 551 vera

557 598 844 679 poetam
892 591 1077 657 hanc
1121 591 1542 658 varietatem
1591 592 1942 680 appetisse
1992 592 2275 659 aliunde
2323 614 2599 679 quoque
2660 594 2921 658 elucet.

769 698 1228 786 Perspicuum
1298 699 1486 763 enim
1554 699 1859 786 primum
1932 708 2039 764 est
2106 720 2467 785 nunquam
2527 699 2676 764 fere
2734 699 2921 764 duas

557 805 934 889 orationes,
1005 826 1184 890 quae
1251 804 1492 871 statim
1561 824 1711 871 seso
1771 814 2178 891 sequuntur,
2252 806 2543 871 eandem
2608 827 2773 893 prae
2834 828 2917 869 se

555 911 739 977 ferre
800 910 1230 977 inductionis
1274 912 1686 978 formulam:
1750 910 1882 977 hoc
1930 911 2118 977 enim
2164 919 2247 977 ut
2290 918 2400 976 ter
2444 912 2651 977 modo
2696 912 2787 977 fit
2834 911 2915 977 in

555 1018 798 1106 primis
845 1018 1156 1105 quinque
1201 1017 1398 1084 libris
1446 1018 1483 1083 I
1525 1019 1918 1101 544—5513
1968 1018 2033 1085 V
2078 1018 2467 1101 375-381;
2532 1018 2596 1084 V
2642 1018 2773 1085 42⁷
2818 1056 2913 1065 -—-

554 1126 714 1209 440,
761 1125 864 1193 ita
896 1126 1110 1214 paulo
1145 1124 1581 1211 frequentius
1614 1132 1893 1191 tantum
1940 1124 2015 1189 in
2046 1124 2553 1191 recentioribus
2592 1121 2911 1211 partibus

555 1230 1086 1308 Homericorum
1137 1229 1549 1315 carminum,
1598 1230 1781 1297 sicut
1828 1230 2073 1317 Odyss.
2124 1231 2159 1295 I
2190 1231 2343 1315 388,
2392 1232 2546 1315 399,
2588 1231 2719 1297 412
2764 1238 2909 1299 tres

560 1338 890 1426 deinceps
937 1338 1293 1405 orationes
1339 1337 1585 1405 iisdem
1634 1337 1865 1403 verbis
1908 1331 2127 1405 ἀντίον
2170 1331 2329 1425 ηὔδα
2348 1342 2397 1422 ¹)
2457 1338 2909 1407 inducuntur.

769 1445 988 1511 Porro
1035 1444 1308 1509 nullum
1340 1444 1633 1509 verbum
1666 1466 1834 1530 prae
1881 1442 2131 1509 ceteris
2172 1443 2679 1529 praedilectum
2716 1444 2911 1511 vide-

555 1573 728 1617 mus.
821 1552 1006 1617 Nam
1037 1572 1260 1636 aeque
1291 1552 1442 1615 fere
1473 1550 1849 1615 verborum
1882 1547 2083 1628 εἶπεν,
2133 1548 2277 1637 ἔφη,
2330 1544 2483 1638 ηὔδα
2514 1550 2909 1638 composita

556 1655 981 1724 adhibentur
1004 1661 1078 1741 ²),
1125 1656 1262 1723 nisi
1293 1657 1479 1742 quod
1525 1678 1668 1723 vox
1700 1654 1882 1723 εἶπεν
1926 1656 2001 1721 in
2048 1656 2291 1739 Iliade,
2342 1678 2481 1723 vox
2526 1651 2687 1744 ηὔδα
2734 1680 2909 1723 vero

554 1764 629 1830 in
675 1764 990 1852 Odyssea
1037 1763 1327 1851 paulum
1375 1762 1578 1829 alteri
1627 1762 2015 1845 antecedit3
2086 1761 2380 1828 verbum
2430 1764 2729 1850 denique
2776 1762 2907 1853 ἔφη

555 1872 628 1936 in
675 1879 974 1957 utroque
1023 1892 1231 1959 opere
1281 1869 1723 1955 frequentiae
1768 1870 2069 1955 gradum
2103 1880 2403 1958 occupat
2436 1871 2645 1957 paulo
2680 1870 2909 1939 humi-

553 1979 820 2044 liorem.
909 1977 1276 2042 Accedunt
1348 1977 1476 2042 has
1545 1976 1637 2041 ad
1705 1976 2043 2043 formulas
2112 1978 2327 2043 verba
2396 1977 2549 2063 ipsa
2623 1998 2903 2064 quoque

553 2083 830 2173 saepius
855 2090 1192 2171 usurpata
1226 2094 1485 2172 φωνεῖν,
1521 2081 1811 2168 ἐρέσθαι,
1844 2074 2261 2167 ἀμείβεσθαι,
2288 2075 2619 2169 ἀγορεύειν
2636 2106 2652 2165 ;
2688 2106 2897 2173 porro

554 2190 834 2256 illorum
893 2188 1267 2255 verborum
1331 2211 1590 2277 magna
1653 2188 1892 2279 copia,
1954 2210 2133 2275 quae
2194 2210 2437 2255 vocem
2500 2188 2725 2277 ipsam
2786 2190 2903 2255 de-

555 2296 874 2363 scribunt
903 2318 1335 2383 quorumque
1367 2294 1708 2361 nonnulla
1741 2294 1879 2360 iam
1914 2294 2309 2378 nominavi3
2348 2302 2707 2383 praeterea
2740 2294 2902 2362 illae

555 2404 920 2487 formulae,
1004 2424 1184 2490 quae
1253 2423 1384 2489 ope
1455 2400 2055 2468 substantivorum
2123 2401 2512 2497 orationem
2559 2401 2906 2471 inducunt

553 2511 735 2576 siout
779 2510 1015 2593 μύθων
1059 2496 1206 2598 ἦρχε
1251 2508 1324 2573 II
1369 2508 1522 2591 433,
1573 2502 1845 2595 ὤτρυνεν
1878 2506 2177 2575 ἐπέεσσιν
2220 2508 2331 2573 III
2362 2509 2531 2591 249;
2580 2508 2905 2589 λάξεσθαι

554 2622 772 2699 μῦθον
817 2616 920 2682 IV
959 2616 1112 2698 357,
1161 2613 1460 2702 denique
1494 2637 1618 2680 eae
1666 2613 2074 2697 locutiones,
2124 2636 2304 2700 quae
2350 2613 2521 2681 illud
2556 2622 2901 2702 spect-ant,

556 2723 743 2810 quod
777 2721 1140 2787 contineat
1183 2720 1428 2805 oratio,
1477 2720 1659 2786 sicut
1685 2720 1747 2785 V
1772 2722 1905 2785 358
1929 2719 2395 2808 χρυσάμπυκας
2422 2715 2605 2809 ᾔτεεν
2634 2720 2900 2801 ἵππους.

771 2829 962 2908 Quae
1012 2850 1251 2893 omnes
1321 2825 1667 2893 formulae
1733 2849 2157 2915 quamquam
2240 2827 2458 2893 libere
2540 2850 2627 2893 ex
2696 2838 2897 2917 parte

557 2936 837 3025 quidem
882 2935 1230 3001 formatae
1277 2941 1461 3018 sunt,
1497 2941 1735 2999 tamen
1779 2954 2017 2999 omnes
2065 2933 2237 2999 illud
2270 2955 2398 3023 pro
2431 2934 2587 3021 lege
2618 2932 2901 3019 habent,

557 3050 638 3108 ut
689 3042 925 3129 aliqua
973 3040 1248 3106 ratione
1299 3038 1574 3105 dicendi
1622 3039 1984 3106 notionem
2032 3039 2459 3127 significent.
2554 3042 2710 3109 Hoc
2754 3064 2897 3109 non

559 3148 649 3215 fit
693 3147 768 3213 in
815 3146 986 3215 locis
1034 3145 1294 3213 talibus
1341 3156 1422 3211 ut
1468 3145 1549 3212 Il.
1585 3146 1658 3211 X
1704 3146 1838 3212 476
1884 3146 1995 3212 τὸν
2040 3139 2097 3211 δ’
2114 3139 2415 3226 Ὀδυσεὺς
2444 3148 2903 3236 προπάροιθεν

556 3255 708 3323 ἰδὼν
757 3254 1064 3343 Διομήδει
1094 3252 1392 3336 δεῖξεν,
1439 3252 1560 3319 ubi
1593 3252 1973 3341 descriptio
2006 3260 2265 3339 gestus,
2299 3253 2419 3341 qui
2452 3256 2900 3343 prosequitur

555 3360 967 3446 orationem,
1015 3382 1464 3446 compensare
1511 3358 1718 3424 debet
1752 3370 2037 3446 apertae
2071 3360 2495 3427 inductionis
2544 3362 2899 3429 defectum

553 3469 666 3534 vel
711 3468 794 3534 Il.
845 3467 995 3533 XII
1040 3467 1170 3531 342
1219 3464 1392 3551 αἶψα
1451 3456 1874 3532 δ’ἐπἈῖαντα
1932 3468 2149 3554 προΐει
2194 3466 2429 3557 κήρυκα
2468 3468 2740 3558 Θοώτην,
2773 3470 2898 3535 ubi

769 3668 824 3732 l)
861 3662 1053 3717 Primi
1093 3668 1386 3729 quattuor
1414 3660 1727 3733 Odysseae
1752 3660 1894 3717 libri
1932 3680 2151 3735 magno
2203 3663 2269 3717 in
2324 3664 2677 3719 universum
2715 3662 2905 3721 huius

555 3752 725 3809 verbi
761 3751 1012 3808 student
1052 3752 1262 3809 amori.

772 3843 828 3911 2)
865 3840 1037 3897 Haec
1076 3839 1376 3909 quomodo
1415 3856 1482 3895 se
1519 3839 1785 3895 habeant
1820 3858 2009 3913 parva
2046 3840 2421 3896 demonstret
2456 3840 2705 3897 tabella:

1122 3946 1513 4019 Usurpantur
1551 3948 1614 4001 in
1650 3946 1721 4001 11.
1760 3945 1983 4017 1-VI;
2024 3948 2087 4001 in
2127 3946 2235 4001 Od.
2272 3947 2467 4005 1-1x

1236 4034 1394 4091 εἶπεν
1716 4036 1914 4093 2310113
2250 4037 2319 4093 32
2337 4038 2446 4081 lens

1234 4124 1367 4197 ηὔδα
1729 4126 1792 4179 19
1809 4126 1916 4169 iens
2254 4126 2323 4179 43
2340 4127 2451 4169 lens

1231 4216 1339 4286 ἔφη
1726 4214 1915 4269 1710128
2252 4210 2447 4269 2510111
