3200 4959
1543 322 1951 393 „43-

780 519 934 586 Iam
981 541 1199 607 pergo
1249 518 1334 585 ad
1385 540 1629 585 vocem
1676 513 2017 607 ἄρχεσθαι.
2108 518 2507 607 Usurpatur
2552 519 2727 585 haec
2778 540 2921 583 vox

566 628 966 715 saepissime
1007 627 1075 691 in
1113 626 1645 714 Cyropaedia‚¹)
1692 628 2098 714 frequenter
2144 627 2221 693 iu
2266 626 2581 693 Anabasi
2627 634 2703 693 et
2748 626 2919 691 Hel-

566 734 828 818 leniciS‚
892 733 1244 799 rarissime
1291 733 1360 797 in
1411 732 1745 820 dialogis:
1816 756 1994 820 quae
2042 733 2277 799 omnia
2326 734 2625 799 iteratae
2671 732 2915 798 iuduc-

564 841 776 906 tionis
822 862 1023 905 usum
1072 839 1141 903 in
1191 840 1600 904 memoriam
1649 846 2009 923 revocant,
2058 840 2151 905 cf.
2202 862 2267 927 p.
2322 841 2427 907 43.

777 966 912 1031 Sed
960 964 1136 1029 alius
1185 986 1460 1051 quoque
1509 986 1917 1052 progressus
1962 964 2127 1029 huic
2172 962 2333 1029 voci
2380 964 2737 1031 inhaeret:
2788 964 2916 1031 sci-

563 1073 730 1137 licet
776 1070 1001 1138 oratio
1051 1072 1300 1154 soluta,
1351 1086 1508 1136 cum
1556 1070 1837 1135 initium
1886 1076 2170 1159 caperet
2232 1071 2323 1136 ab
2388 1071 2771 1156 Herodem,
2832 1090 2915 1137 ea

563 1203 637 1245 re
685 1179 990 1247 maxime
1039 1200 1078 1241 a
1128 1176 1353 1265 poetis
1401 1176 1732 1263 distabat,
1789 1177 1974 1264 quod
2026 1176 2401 1264 diligenter
2461 1176 2531 1243 id
2597 1176 2914 1261 curabat,

563 1296 642 1351 ut
691 1285 1243 1371 adstringeretur
1288 1284 1665 1371 unicuique
1715 1283 2105 1351 inductioni
2153 1284 2351 1350 notio
2401 1283 2555 1372 ipsa
2603 1274 2913 1350 dicendi:

563 1395 782 1479 λέγων,
829 1390 1014 1477 λόγος
1061 1390 1314 1455 similia
1361 1394 1599 1477 (supra
1650 1414 1714 1477 p.
1753 1392 1887 1471 21).
1982 1390 2174 1469 Quae
2222 1412 2389 1455 cura
2420 1414 2507 1455 ne
2554 1390 2629 1455 in
2676 1388 2915 1457 Xeno-

564 1500 827 1587 phonte
889 1496 1169 1585 quidem
1230 1516 1510 1584 prorsus
1573 1496 1804 1561 deleta
1872 1506 2013 1581 est,
2081 1497 2155 1562 in
2226 1496 2471 1585 primis
2540 1498 2915 1563 dumtaxat

563 1605 859 1693 scriptis.
953 1602 1108 1669 Sex'
1145 1602 1327 1668 enim
1385 1602 1556 1669 locis
1602 1603 1678 1667 in
1726 1602 2042 1668 Anabasi
2088 1604 2377 1668 verbum
2425 1598 2750 1689 ἄρχεσθαι
2796 1626 2913 1667 ex-

563 1712 878 1794 hibetur,
951 1734 1036 1775 ex
1103 1710 1353 1795 quibus
1420 1716 1756 1798 quattuor
1830 1712 2190 1775 notionem
2262 1708 2567 1797 aliquam
2636 1710 2911 1775 dicendi

565 1826 928 1885 assumunt
993 1817 1106 1881 vel
1169 1826 1284 1882 τοῦ
1331 1816 1522 1903 λόγου
1587 1818 1623 1883 Ι
1671 1821 1835 1901 6,6;
1898 1818 2010 1883 ΙΠ
2078 1819 2241 1901 1‚3;
2304 1819 2433 1903 2,?
2498 1819 2609 1883 vel
2672 1818 2911 1885 infini-

561 1928 788 1993 tivum
855 1927 1061 2011 λέγειν
1132 1923 1275 1990 VII
1339 1925 1402 2007 2,
1435 1924 1558 2005 283
1637 1925 1775 1990 duo
1846 1946 2034 2008 vero,
2126 1924 2247 2009 qui
2322 1932 2697 2012 supersunt
2774 1925 2912 1991 loci

562 2034 676 2100 III
723 2035 785 2116 2,
811 2034 890 2113 93
955 2033 1020 2099 V
1072 2032 1262 2115 1,13‚
1313 2044 1555 2095 carent
1601 2031 1735 2096 hac
1796 2030 2075 2117 quidem
2140 2030 2532 2114 additione3
2594 2040 2909 2097 attamen

565 2142 751 2207 hunc
789 2139 1216 2227 explicatum
1251 2137 1535 2221 habent,
1571 2138 1757 2227 quod
1791 2138 2081 2203 verbum
2114 2132 2433 2225 ἄρχεσθαι
2460 2137 2571 2204 hic
2606 2160 2747 2205 non
2781 2160 2907 2227 pro

565 2270 733 2315 vera
758 2244 1162 2313 inductione
1191 2242 1589 2309 exhibetur:
1627 2246 1855 2311 denuo
1883 2244 2068 2309 enim
2094 2240 2200 2310 his
2225 2243 2395 2310 locis
2420 2244 2643 2310 oratio
2672 2244 2907 2333 aliqua

563 2355 842 2441 incipit,
890 2374 1068 2439 quae
1113 2350 1434 2419 brevibus
1467 2351 1698 2417 verbis
1730 2350 2125 2417 intermissa
2159 2360 2345 2434 erat3
2394 2350 2687 2435 accedit,
2720 2352 2907 2439 quod

563 2462 742 2527 haec
772 2460 926 2548 ipsa
959 2459 1185 2524 oratio
1219 2479 1360 2523 uno
1387 2458 1667 2543 quidem
1697 2459 1855 2523 loco
1880 2457 1993 2523 III
2016 2462 2079 2541 2,
2104 2458 2143 2523 7
2176 2458 2399 2545 ipsam
2430 2457 2909 2525 inductionem

561 2568 773 2632 habet
803 2560 1026 2655 ἤρχετο
1053 2572 1168 2630 τοῦ
1216 2562 1425 2649 λόγου,
1473 2564 1823 2650 habetque
1873 2563 2051 2629 alter
2093 2564 2288 2630 locus
2328 2565 2391 2630 V
2433 2566 2559 2648 1,4
2607 2566 2899 2631 verbum

563 2676 752 2762 λέγει.
819 2672 1028 2738 Vocis
1061 2665 1380 2757 ἄρχεσθαι
1412 2692 1614 2735 usum
1662 2692 1803 2735 non
1838 2670 1970 2735 nisi
2006 2668 2259 2735 leniter
2285 2679 2654 2759 promovet
2686 2672 2907 2757 Cyro-

562 2780 848 2869 paedia:
897 2778 1120 2844 solum
1153 2776 1340 2842 enim
1373 2770 1698 2862 ἄρχεσθαι
1728 2774 1875 2842 sine
1912 2774 2282 2864 participio
2318 2776 2586 2843 duobus
2620 2776 2902 2865 quidem

555 2887 730 2955 locis
761 2925 847 2935 --
879 2886 916 2951 Ι
945 2886 1011 2968 4,.
1037 2885 1150 2966 133
1201 2884 1265 2949 V
1297 2884 1362 2967 2,
1386 2884 1471 2949 25
1507 2923 1588 2933 -
1624 2883 1927 2951 orationi
1974 2883 2186 2949 alicui
2233 2882 2346 2949 hic
2394 2884 2897 2971 praeponitur:

775 3026 906 3081 Iam
971 3042 1162 3098 pauca
1215 3022 1401 3080 verba
1453 3030 1787 3091 sequantur
1836 3024 1911 3079 de
1960 3024 2191 3092 reliquo
2246 3024 2547 3096 participii
2604 3040 2753 3079 usu:
2810 3024 2911 3081 ob-

560 3118 874 3172 litteratas
913 3130 1101 3188 paene
1137 3112 1238 3168 hic
1275 3128 1426 3167 usus
1481 3114 1544 3167 in
1580 3112 1985 3184 Xenophonte
2022 3112 2267 3168 videtur
2318 3113 2370 3167 si
2424 3130 2561 3168 cum
2598 3112 2911 3170 Herodoto

565 3208 816 3280 ipsoque
853 3204 1206 3277 Thucydide
1244 3210 1642 3273 comparatur.
1718 3201 1873 3257 Nam
1912 3208 2148 3273 praeter
2172 3200 2285 3256 hos
2324 3216 2476 3273 quos
2516 3203 2633 3257 iam
2673 3218 2913 3259 enume-

563 3297 704 3352 ravi
744 3296 911 3350 locos
950 3294 1126 3366 pauci
1154 3298 1394 3347 tantum
1433 3290 1689 3346 adsunt:
1728 3308 1803 3345 ex
1828 3291 2049 3358 quibus
2076 3290 2252 3345 Mem.
2288 3288 2381 3345 111
2411 3294 2510 3361 1,4
2548 3294 2914 3365 προσέπαιζεν

565 3376 716 3459 «tingi
746 3386 925 3456 λέγων
951 3382 1211 3439 maxime
1248 3378 1598 3452 arguendus
1638 3388 1749 3449 est,
1789 3381 2008 3451 quippe
2046 3394 2183 3433 cum
2222 3380 2327 3433 ille
2362 3396 2514 3434 usus
2554 3381 2665 3436 hac
2704 3382 2912 3437 indue·

562 3474 730 3528 tione
755 3474 818 3528 in
845 3472 1112 3526 animum
1139 3478 1472 3538 revocetur,
1514 3484 1631 3535 quo
1660 3467 1733 3522 ad
1762 3468 2083 3522 inducendi
2122 3467 2304 3523 verba
2329 3460 2603 3541 ἆμεὶβετο,
2638 3462 2913 3545 ἧριότησεν

565 3562 789 3617 similia
825 3560 1216 3633 participium·
1249 3558 1426 3629 λέγων
1465 3556 1842 3630 adstringere
1879 3556 2115 3613 solebat
2152 3556 2518 3613 Herodotus.
2596 3558 2909 3615 Accedunt

569 3652 897 3723 ἐπιλέγοντα
937 3648 1155 3721 Cyrop.
1193 3646 1223 3701 I
1263 3650 1312 3717 3,
1335 3648 1396 3714 ’ῖς
1435 3648 1615 3719 λέγων
1654 3644 1829 3701 Mem.
1870 3644 1932 3701 ΙΙ
1956 3650 2093 3715 6,1;
2132 3647 2289 3707 λέξας
2313 3645 2457 3701 ibid.
2488 3646 2583 3702 ΠΙ
2606 3651 2658 3716 6,
2678 3649 2727 3703 2.
2794 3650 2910 3704 lta-

567 3756 686 3808 que
723 3736 1109 3812 paucissimis
1147 3744 1386 3791 tantum
1424 3734 1574 3790 locis
1628 3734 2014 3807 participium
2054 3734 2241 3789 vides.
2314 3736 2601 3791 Attamen
2636 3736 2753 3792 hoc
2791 3754 2909 3793 non

569 3830 802 3884 mirum.
879 3826 1265 3897 Interponere
1303 3823 1461 3879 enim
1513 3824 1671 3879 solet
1709 3824 1968 3879 orationi
2012 3822 2381 3895 Xenophon,
2421 3822 2584 3879 sicut
2624 3825 2909 3893 vidimuS,

569 3918 826 3973 alterum
853 3914 1225 3971 inductionis
1263 3912 1532 3967 verbum.
1608 3912 1769 3983 Ergo
1806 3912 1977 3965 locus
2014 3928 2135 3965 non
2174 3911 2419 3983 patebat
2454 3915 2781 3969 vetustiori
2820 3914 2910 3969 illi

567 4004 986 4061 inductionum
1021 4002 1260 4071 rationi,
1301 4018 1417 4068 qua
1443 4000 1648 4071 plures
1689 3999 2009 4055 inducendi
2050 4016 2228 4055 voces
2266 4002 2527 4056 orationi
2566 4004 2909 4073 praemitte-

577 4094 816 4149 bantur.

785 4187 836 4253 1)
887 4181 1020 4237 Hac
1059 4196 1296 4249 quoque
1331 4194 1396 4233 re
1435 4177 1498 4231 id
1541 4176 1971 4231 confirmatum
2012 4177 2304 4248 videmuS,
2358 4177 2517 4245 quod
2556 4178 2685 4233 dixi
2726 4198 2909 4254 supra

569 4273 644 4329 de
679 4270 1091 4347 Cyropaediae
1130 4269 1330 4324 indole
1367 4286 1422 4339 p.
1461 4270 1532 4321 44
1570 4272 1632 4321 et
1669 4284 1723 4339 p.
1762 4270 1831 4321 46
1870 4265 2005 4321 adn.
2047 4269 2094 4320 1.
