3200 4959
1314 312 1707 389 „43-

555 507 710 577 Iam
770 530 938 575 vero
987 508 1100 575 hic
1123 526 1126 529 ’
1147 530 1353 594 quem
1402 509 1701 597 duplicis
1731 517 1804 575 et
1850 511 2147 579 iteratae
2177 509 2605 577 inductionis
2630 514 2679 594 1)

339 636 544 681 usum
590 614 746 683 dico
795 615 866 681 in
913 613 1456 703 Xenophonteis
1504 616 1781 705 scriptis
1828 640 1969 685 non
2018 616 2202 683 idem
2262 616 2518 704 ubique
2566 639 2681 683 ex-

341 720 642 792 hibetur.
733 722 1024 789 Initium
1085 722 1278 810 capit
1337 724 1424 789 ab
1485 724 1833 807 Anabasi,
1906 724 2155 791 deinde
2217 724 2535 791 ascendit·
2593 724 2679 789 ad

344 827 876 916 Cyropaediam,
909 826 1032 895 ubi
1065 829 1152 895 ad
1186 852 1531 897 summum
1561 830 2003 918 frequentiae
2036 830 2393 919 pervenit;
2428 829 2682 897 dehinc

343 954 512 1001 vero
535 934 914 1020 descendit,
947 934 1123 1003 utin
1149 934 1528 1005 Hellenicis
1559 944 1633 1001 et
1664 935 1735 1002 in
1770 932 2069 1024 dialogis
2094 976 2177 987 —-
2204 938 2351 1003 solo
2385 938 2681 1025 excepto

346 1041 808 1109 Oeconomico
827 1046 878 1127 ²)
929 1082 1008 1091 —
1059 1041 1280 1111 multo
1328 1042 1552 1110 rarius
1583 1044 2017 1111 exhibeatur.
2096 1043 2483 1117 Rarissime
2512 1044 2684 1131 legi-

345 1156 460 1215 tur
505 1147 578 1214 in
626 1148 1215 1233 Memorabilibus,
1263 1150 1476 1237 paulo
1523 1149 1679 1237 plus
1727 1150 1801 1217 in
1849 1149 2189 1219 Convivio
2238 1158 2309 1217 et
2356 1149 2681 1217 Hierone.

349 1254 542 1341 Ergo
613 1278 751 1321 non
815 1264 1231 1345 perpetuum
1295 1256 1597 1345 aliquem
1660 1257 1999 1325 habemus
2061 1278 2505 1345 progressum
2567 1258 2685 1325 sed

347 1384 512 1429 usus
557 1362 1124 1431 inconstantiam.

563 1468 741 1549 Quid
789 1471 1004 1557 ergo?
1095 1470 1348 1537 Nonne
1395 1470 1527 1538 hoc
1577 1471 1815 1537 obstat
1876 1470 1978 1537 illi
2034 1494 2239 1559 quem
2286 1494 2499 1561 supra
2546 1481 2688 1539 sta-

346 1576 604 1642 tuimus
649 1575 1070 1667 scriptorum
1115 1578 1392 1643 ordini?

560 1682 714 1749 Hoc
762 1706 904 1750 non
952 1684 1053 1747 ita
1099 1706 1246 1751 esse
1279 1684 1412 1751 aio.
1507 1683 1879 1751 Omisimus
1925 1686 2112 1753 enim
2159 1672 2305 1752 rem
2354 1684 2685 1772 aliquam,

347 1810 525 1877 quae
573 1797 812 1858 tamen
871 1790 1011 1857 iam
1070 1789 1346 1879 saepius
1407 1790 1613 1857 nobis
1674 1792 2010 1858 occurrit:
2076 1792 2433 1859 omisimus
2492 1790 2685 1875 illud,

347 1896 535 1983 quod
596 1897 684 1963 ad
747 1897 1021 1965 diversa
1088 1897 1484 1965 litterarum
1545 1919 1807 1987 genera
1868 1898 2367 1987 Xenophontis
2425 1898 2687 1985 scripta

346 2002 724 2091 pertinent.
813 2002 1142 2091 Sequitur
1171 2005 1360 2071 enim
1389 2005 1795 2093 Xenophon
1842 2006 1915 2071 in
1948 2006 2261 2073 Anabasi
2308 2029 2391 2071 ex
2426 2025 2686 2092 magna

351 2110 632 2197 quidem
664 2118 866 2199 parte
913 2111 1276 2179 historiam
1327 2134 1500 2196 eam,
1551 2134 1728 2199 quae
1776 2111 2169 2195 antecessit,
2220 2112 2414 2179 cuius
2448 2118 2685 2179 aucto-

345 2217 557 2285 ritate
606 2217 884 2289 vinctus
929 2218 1292 2306 paululum
1338 2226 1615 2285 tantum
1662 2240 1858 2287 suam
1920 2217 2069 2305 ipse
2114 2217 2303 2285 viam
2358 2216 2687 2305 consequi

349 2324 594 2407 audet3
674 2324 748 2391 in
811 2325 1114 2413 dialogis
1177 2348 1344 2391 vero
1410 2324 1548 2392 alia
1621 2324 1815 2392 valet
1878 2324 2279 2393 auctoritas.
2371 2324 2689 2391 Platonis

355 2432 851 2499 auctoritatem
913 2431 1088 2499 dico.
1179 2432 1386 2498 Plato
1447 2431 1635 2499 enim
1694 2433 1843 2521 ipse
1905 2431 2201 2519 duplicis
2262 2442 2335 2497 et
2393 2431 2689 2499 iteratae

349 2537 906 2627 interpositionis
957 2562 1158 2607 usum
1207 2538 1525 2629 angustis
1584 2539 1901 2605 terminis
1950 2536 2261 2623 cohibet,
2318 2539 2409 2607 cf.
2470 2538 2690 2604 tabel-

351 2646 492 2711 lam
535 2645 650 2713 III
691 2654 764 2713 et
791 2647 929 2713 IV:
977 2648 1160 2713 unde
1193 2644 1536 2713 translata
1568 2645 1745 2713 mihi
1792 2646 2073 2732 quidem
2119 2646 2399 2712 videtur
2445 2645 2690 2713 similis

349 2752 586 2841 aliqua
635 2753 914 2821 dicendi
961 2753 1398 2821 continentia
1444 2753 1520 2818 in
1565 2753 2139 2840 Xenophontem.
2159 2756 2211 2836 ⁸)

347 2894 626 2967 inprimis
663 2894 815 2951 locis
855 2896 1178 2965 invenitur,
1217 2894 1439 2963 quibus
1477 2900 1584 2949 aut
1617 2912 1855 2953 summa
1890 2896 2185 2952 orationis
2224 2896 2287 2951 in
2326 2912 2513 2951 unum
2553 2912 2692 2948 con-

345 2984 579 3057 geritur
601 2990 711 3039 aut
735 2990 1008 3040 mutatur
1033 2984 1324 3040 orationis
1351 3001 1500 3040 vox:
1527 2984 1660 3039 sive
1686 2984 1943 3040 alacrior
1967 2983 2048 3039 fit
2073 2986 2270 3041 oratio
2300 2984 2431 3039 sive
2456 2983 2692 3055 rogatio

349 3072 551 3141 aliqua
587 3074 802 3146 incipit
840 3074 972 3129 sive
1009 3079 1410 3146 praeceptum.

567 3165 618 3233 1)
655 3160 987 3219 Manifesto
1014 3170 1357 3236 congruunt
1381 3163 1530 3218 haec
1555 3162 1677 3217 duo
1704 3161 2187 3234 interpositionis
2212 3178 2465 3235 genera:
2502 3162 2693 3217 altero

348 3252 508 3307 enim
546 3258 850 3307 crescente
889 3252 1146 3307 alterum
1184 3268 1422 3319 quoque
1472 3259 1747 3325 augetur,
1798 3250 1913 3307 hoc
1965 3250 2199 3306 minuto
2252 3250 2403 3305 illud
2453 3262 2693 3321 quoque

347 3341 726 3397 inminuitur.
797 3340 933 3397 Hoc
958 3341 1164 3413 magni
1189 3342 1478 3397 momenti
1505 3346 1618 3397 est.
1691 3340 1962 3395 Primum
1992 3341 2153 3395 enim
2182 3346 2389 3413 aperto
2417 3339 2692 3411 exemplo

347 3431 408 3486 in
445 3431 644 3487 lucem
680 3429 878 3485 denuo
918 3429 1176 3485 effertur
1215 3430 1353 3487 hoo:
1409 3448 1532 3486 non
1581 3428 1745 3486 forte
1796 3430 2044 3486 fortuna
2095 3430 2272 3487 modo
2324 3429 2480 3485 hanc
2517 3427 2694 3484 modo

347 3520 516 3574 illam
543 3518 911 3575 inductionis
937 3518 1198 3574 formam
1224 3520 1506 3591 usurpari
1533 3537 1569 3573 a
1595 3518 2011 3591 scriptoribus,
2040 3518 2146 3575 sed
2174 3519 2403 3574 severis
2430 3518 2694 3591 astringi

347 3608 586 3683 legibus
625 3607 780 3663 hanc
807 3608 1219 3663 mutationem.
1284 3608 1472 3663 Porro
1499 3609 1787 3665 maiorem
1817 3608 2243 3664 auctoritatem
2271 3624 2339 3661 ea
2366 3607 2693 3680 accipiunt,

354 3716 506 3769 quae
543 3697 990 3754 concluduntur
1027 3714 1100 3752 ex
1137 3694 1354 3751 horum
1393 3697 1874 3769 interpositionis
1913 3712 2203 3769 generum
2238 3696 2375 3751 usu.

560 3789 620 3857 2)
653 3787 790 3843 Hac
827 3802 1066 3855 quoque
1103 3787 1166 3841 in
1201 3802 1268 3841 re
1293 3785 1730 3843 Oeconomicus
1768 3785 1987 3853 obstat,
2028 3786 2351 3853 quominus
2391 3786 2695 3841 inseratur

346 3880 408 3935 in
446 3879 812 3950 scriptorum
849 3875 1147 3931 ordinem:
1184 3891 1324 3931 nam
1361 3892 1396 3931 a
1422 3874 1801 3947 dialogorum
1834 3891 2113 3931 sermone
2136 3873 2467 3929 abhorrens
2504 3874 2692 3929 mani-

346 3966 508 4023 festo
547 3965 623 4021 ad
661 3964 948 4021 historias
988 3966 1532 4037 appropinquatur,
1591 3965 1663 4020 ad
1703 3962 2035 4020 Anabasim
2086 3962 2371 4019 videlicet
2409 3968 2470 4017 et
2506 3961 2694 4034 Cyro-

347 4056 634 4129 paediam.

561 4148 616 4215 3)
653 4146 844 4201 -Certe
895 4151 1178 4201 accurata
1232 4150 1588 4217 argumenta
1642 4144 1757 4199 hoc
1802 4143 1937 4199 loco
1984 4140 2420 4209 desiderantur,
2472 4138 2691 4211 quibus

354 4236 750 4315 confirmetur
773 4235 920 4290 haec
945 4234 1222 4290 Platonis
1250 4236 1616 4289 auctoritas:
1642 4232 1790 4287 talia
1814 4248 2043 4300 nequeo
2070 4228 2355 4303 proferre.
2410 4232 2695 4287 Attamen
