3200 4959
803 466 1133 559 Sequitur
1181 471 1408 538 forma
1456 471 1681 538 altera
1724 472 2095 561 loquendi:
2168 494 2348 559 quae
2396 494 2479 539 eo
2526 480 2713 541 certe
2759 480 2957 541 tem-

586 597 754 663 pore
803 584 958 644 orta
1007 586 1131 663 est,
1181 600 1318 666 quo
1369 578 1684 645 animum
1717 580 2077 645 attendere
2127 579 2360 667 coepit
2400 586 2613 669 poeta
2659 580 2733 647 in
2780 603 2955 647 ora-

586 683 798 750 tionis
829 706 1077 750 vocem
1125 692 1199 751 et
1246 684 1643 753 orationum
1688 708 2055 771 conexum,
2101 708 2230 752 nec
2276 693 2516 753 tamen
2566 687 2735 753 satis
2778 700 2955 753 erat

588 790 840 875 audax,
911 799 991 857 ut
1061 792 1209 859 sola
1281 792 1452 858 haec
1523 790 1761 879 verba,
1824 814 2003 881 quae
2064 814 2309 859 vocem
2370 792 2772 861 describunt
2823 795 2953 859 vel

587 920 932 965 conexum
993 899 1346 986 efficiunt,
1409 906 1877 987 praeponeret
1928 899 2381 967 orationibus,
2460 900 2955 987 Coniungitur

587 1028 755 1092 ergo
806 1028 964 1071 cum
1011 1006 1163 1094 ipso
1213 1006 1448 1090 verb0,
1497 1006 1684 1093 quod
1724 1005 2113 1072 orationem
2147 1005 2437 1091 inducit,
2484 1012 2609 1071 aut
2638 1007 2953 1075 verbum

588 1112 886 1178 alterum
935 1112 1224 1179 finitum
1273 1119 1397 1178 aut
1443 1112 1917 1201 participium.

802 1236 955 1315 Qua
1001 1237 1232 1303 forma
1294 1236 1627 1323 loquendi
1674 1258 1881 1324 saepe
1928 1236 2151 1302 utitur
2196 1237 2543 1303 Homerus
2590 1245 2663 1304 et
2706 1240 2949 1305 multo

587 1342 862 1430 saepius
931 1364 1140 1431 quam
1213 1344 1443 1409 forma
1504 1342 1648 1425 illa,
1719 1365 1930 1430 quam
1990 1343 2215 1431 primo
2284 1344 2443 1411 loco
2509 1345 2948 1411 memoravi:

586 1450 854 1515 duobus
901 1449 1132 1519 verbis
1179 1448 1452 1536 ἐξείρετο
1509 1450 1620 1515 καὶ
1680 1454 2067 1536 προσέειπεν
2112 1450 2193 1516 Π.
2244 1450 2307 1515 V
2354 1451 2505 1535 756,
2554 1450 2945 1541 participio

587 1556 674 1621 ad
708 1555 997 1623 verbum
1031 1556 1362 1623 adiuncto
1408 1548 1831 1642 α’μειβόμενος
1861 1563 2159 1646 προσέφη
2192 1556 2227 1623 Ι
2258 1556 2349 1623 84
2378 1566 2548 1640 etc.;
2588 1558 2948 1647 λισσομένη

585 1669 972 1750 προσέειπεν
1039 1663 1074 1728 Ι
1143 1664 1307 1747 502;
1371 1656 1707 1747 εὗχόμενος
1761 1668 2011 1753 μετέφη
2065 1664 2135 1729 II
2193 1664 2359 1746 4113
2429 1656 2668 1731 κέκλετ’
2725 1658 2947 1743 ἀΰσας

585 1769 687 1834 IV
733 1770 866 1836 508
912 1778 1043 1836 etc.

803 1894 995 1974 Quae
1030 1917 1188 1960 cum
1221 1894 1322 1960 ita
1355 1894 1516 1979 sint,
1565 1893 1797 1959 elucet
1840 1916 1925 1959 ex
1958 1892 2266 1961 Homero
2314 1894 2651 1960 sermonis
2690 1894 2939 1983 imago

585 2000 750 2066 talis
784 2023 962 2089 quae
995 2008 1068 2067 et
1097 2008 1411 2067 reservat
1441 2000 1708 2089 priscas
1738 1999 2126 2067 locutiones
2158 2008 2231 2065 et
2263 2000 2540 2089 copiam
2576 2002 2935 2089 quandam

585 2129 752 2196 prae
814 2130 884 2174 se
956 2109 1098 2173 fert
1167 2114 1378 2197 atque
1439 2107 1855 2174 varietatem
1917 2102 2215 2191 dicendi,
2286 2106 2563 2194 qualem
2633 2106 2933 2173 efficere

586 2221 822 2302 potest
868 2214 1067 2281 stilus
1115 2222 1394 2281 tantum
1456 2221 1605 2280 arte
1669 2212 2021 2297 excultus;
2084 2213 2385 2300 denique
2445 2234 2526 2279 eo
2590 2214 2933 2280 audaciae

585 2326 656 2385 et
725 2321 1071 2387 libertatis
1134 2320 1470 2409 procedit,
1541 2342 1680 2407 quo
1750 2342 2109 2408 nunquam
2180 2320 2629 2407 antiquorum
2700 2322 2933 2386 oratio

585 2427 834 2493 soluta.

799 2534 1146 2601 Proximis
1193 2534 1488 2601 saeculis
1533 2534 1918 2622 lyricum
1966 2532 2280 2601 nascitur
2324 2554 2622 2621 genus·

803 2659 1002 2738 Quod
1051 2658 1402 2747 duplicem
1453 2658 1695 2724 attulit
1742 2657 2117 2723 inducendi
2162 2657 2647 2723 mutationem.

801 2782 1115 2848 Primum
1142 2783 1326 2849 enim
1353 2783 1580 2851 minus
1607 2783 1899 2849 interest
1926 2782 2032 2847 his
2056 2782 2304 2871 poetiS,
2331 2790 2409 2847 ut
2433 2790 2697 2848 statum
2723 2777 2921 2848 illum

585 2912 723 2980 quo
787 2890 938 2977 agit
999 2896 1267 2975 orator,
1331 2890 1711 2957 manifesto
1775 2888 2197 2978 expingant;
2271 2889 2519 2955 deinde
2582 2890 2921 2955 liberatae

585 3003 748 3062 sunt
815 2996 1252 3063 inductiones
1317 2995 1407 3062 ab
1467 3020 1548 3063 ea
1616 2997 1771 3084 lege
1840 2996 2138 3085 poetica,
2212 3018 2387 3083 quae
2448 2997 2680 3062 valuit
2738 2997 2923 3083 apud

583 3104 989 3188 Homerum,
1060 3112 1140 3168 ut
1205 3125 1421 3169 unum
1471 3110 1541 3169 et
1586 3110 1815 3171 totum
1884 3124 2161 3169 versum
2223 3101 2691 3190 complerent;
2757 3124 2927 3189 ergo

585 3209 762 3275 nihil
808 3208 1059 3294 obfuit,
1095 3210 1468 3296 quominus
1503 3210 1939 3277 brevioribus
1972 3209 2292 3277 formulis
2325 3214 2691 3275 uterentur
2724 3209 2928 3299 lyrici

585 3324 856 3407 poetae.
951 3318 1336 3404 Propterea
1385 3318 1638 3384 desunt
1683 3318 1803 3383 illa
1836 3318 2052 3384 verba
2102 3339 2259 3382 cum
2292 3316 2928 3405 praepositionibus

586 3424 1007 3512 composita:
1102 3431 1174 3488 et
1259 3446 1539 3512 prorsus
1634 3425 1916 3512 quidem
2008 3425 2491 3513 exstirpantur
2576 3446 2661 3489 ex
2735 3448 2929 3506 μετα-

586 3530 1018 3620 incipientia‚
1109 3531 1376 3597 maiore
1461 3530 1740 3619 quidem
1828 3554 1913 3597 ex
1998 3538 2221 3619 parte,
2311 3552 2487 3617 quae
2568 3552 2655 3595 ex
2738 3554 2929 3617 προς-

585 3637 968 3725 incipiunt:
1020 3635 1287 3703 scilicet
1335 3637 1506 3704 haec
1556 3638 1805 3704 ultima
1852 3638 2105 3703 desunt
2150 3638 2224 3701 in
2270 3636 2651 3723 lyricorum
2698 3636 2929 3725 frag·

585 3743 944 3827 mentis,
996 3743 1099 3809 bis
1148 3746 1355 3811 modo
1405 3768 1488 3810 ea
1537 3744 1755 3811 habet
1804 3744 2249 3809 Pindarus
2296 3742 2508 3830 Pyth.
2556 3742 2659 3809 IV
2696 3745 2820 3809 171
2856 3750 2929 3808 et

587 3852 698 3917 IX
724 3852 842 3917 29:
875 3856 1288 3938 προσέννεπε,
1321 3852 1536 3939 paulo
1561 3851 1838 3937 saepius
1868 3850 2138 3915 scilicet
2164 3858 2271 3915 ter
2302 3849 2363 3915 Β
2381 3872 2420 3915 a
2441 3872 2477 3915 c
2498 3850 2597 3915 ch
2613 3849 2855 3937 ylide
2874 3872 2925 3933 s,

588 3980 792 4045 quem
843 3980 985 4024 non
1033 3980 1174 4023 una
1221 3957 1294 4021 in
1327 3980 1400 4021 re
1433 3958 1813 4022 Homerum
1864 3956 2205 4043 respicere
2240 3964 2484 4043 postea
2518 3955 2924 4039 videbimus,

587 4066 660 4129 in
709 4076 1066 4153 προσεῖπεν
1113 4066 1176 4129 V
1225 4065 1311 4130 78
1357 4071 1427 4127 et
1473 4066 1779 4151 προσέφα
1826 4061 1939 4127 ΙΙΙ
1986 4064 2071 4127 93
2120 4070 2191 4127 et
2238 4063 2301 4128 V
2354 4064 2499 4129 171.

801 4190 1176 4253 Praeterea
1225 4186 1562 4253 minuitur
1624 4186 2003 4253 Homerica
2050 4186 2357 4252 varietas
2420 4185 2494 4251 in
2553 4185 2923 4253 verborum
