3200 4959
1263 360 1655 429 -2‘l—

265 564 427 629 sive
477 563 616 628 iam
649 561 1003 629 antecedit
1035 560 1375 627 orationis
1407 559 1635 648 prima
1684 580 1847 647 pars
1894 558 2077 625 sicut
2108 558 2179 628 II
2218 558 2362 641 172,
2412 556 2476 620 V
2522 556 2630 639 36,

265 670 398 735 ubi
449 668 900 759 participium
963 670 1162 754 λέγων
1222 666 1584 733 notionem
1647 665 2071 754 assequitur:
2137 662 2251 749 „in
2314 661 2629 729 oratione

263 779 470 843 sua.“
561 774 676 843 Sic
735 798 827 841 ne
895 774 1009 840 hic
1079 774 1358 861 quidem
1433 794 1745 861 unquam
1806 771 2034 839 oratic
2094 793 2135 839 a
2194 792 2368 837 voce
2428 770 2633 855 λέγειν

267 883 647 972 dependet.

491 987 888 1077 Percipitur
931 1008 1144 1071 nunc,
1188 987 1374 1052 unde
1422 992 1578 1052 orta
1641 984 1733 1052 sit
1798 984 2175 1073 singularis
2234 982 2356 1051 illa
2420 982 2631 1049 collo-

265 1096 499 1163 catio:
561 1102 641 1162 ut
687 1093 873 1159 enim
936 1092 1260 1181 obliquae
1321 1092 1626 1160 orationi
1688 1092 2005 1181 proxime
2067 1089 2420 1159 antecedit
2478 1110 2631 1155 ver-

264 1204 446 1271 bum
507 1200 632 1291 ἔφη
691 1199 804 1269 vel
865 1200 1102 1288 potius
1163 1198 1480 1289 plurimis
1543 1197 1823 1288 quidem
1887 1197 2061 1267 locis
2122 1197 2184 1265 ei
2245 1195 2629 1284 interponi-

263 1317 408 1395 tur,
461 1309 560 1377 sic
607 1308 842 1393 etiam,
891 1308 1012 1373 ubi
1065 1309 1156 1375 ad
1203 1307 1510 1373 directae
1573 1306 1909 1385 orationis
1971 1304 2449 1390 inductionem
2511 1302 2629 1369 ad-

261 1416 575 1501 hibetur,
623 1414 797 1481 illud
843 1413 1150 1481 maxime
1197 1436 1403 1481 curae
1451 1412 1665 1481 habet
1710 1412 2029 1501 scriptor,
2077 1418 2399 1501 utquam
2432 1408 2629 1499 artis-f

266 1522 448 1589 sime
499 1544 656 1588 cum
719 1544 801 1587 ea
863 1521 958 1587 sit
1017 1541 1360 1588 conexum
1407 1520 1701 1587 verbum
1748 1518 1951 1609 ἔφη.1)
2048 1520 2243 1590 Adde
2292 1519 2476 1607 quod
2539 1516 2625 1592 iis

261 1628 468 1713 locis,
515 1628 636 1695 ubi
685 1626 972 1715 obliqua
1021 1628 1247 1693 oratio
1295 1626 1366 1692 in
1401 1626 1739 1693 directam
1772 1626 2044 1712 transit,
2080 1627 2364 1693 verbum
2400 1624 2629 1715 ipsum

263 1736 552 1803 dicendi
599 1732 956 1823 praemitti
999 1757 1139 1800 non
1187 1732 1454 1822 potuit3
1529 1734 1705 1799 adde
1754 1734 1938 1821 quod
1988 1756 2125 1821 qua
2172 1732 2310 1799 fuit
2369 1727 2630 1821 simpli-

265 1844 492 1910 citate
554 1840 956 1907 Herodotus
1015 1840 1088 1905 in
1151 1838 1655 1929 compositione
1717 1840 2243 1925 sententiarum,
2310 1862 2397 1905 ne
2457 1839 2629 1905 satis

266 1949 558 2037 quidem
630 1948 718 2015 ab
789 1970 870 2013 eo
943 1954 1310 2036 separatur
1377 1946 1705 2036 obliquae
1776 1955 1846 2014 et
1917 1948 2225 2015 directae
2292 1946 2629 2013 orationis

266 2058 636 2139 naturast)
695 2053 861 2142 quid
911 2054 1162 2120 mirum
1223 2056 1410 2142 quod
1457 2054 1704 2120 iisdem
1751 2055 1923 2121 locis
1970 2076 2266 2141 regnare
2314 2052 2629 2120 videmus

262 2161 568 2229 voculae
615 2158 741 2250 ἔφη
785 2160 1436 2249 interpositionem?
1507 2161 1676 2248 quid
1736 2162 1989 2227 mirum
2037 2160 2223 2227 idem
2268 2159 2482 2227 etiam
2530 2159 2629 2227 ibi

263 2267 575 2334 inveniri
645 2266 767 2334 ubi
837 2267 1061 2334 oratio
1133 2266 1530 2334 intermissa
1601 2268 1829 2335 denuo
1891 2268 2189 2356 incipit?
2284 2268 2493 2334 Valet
2554 2266 2628 2332 in

267 2374 379 2440 his
430 2374 785 2461 analogia,
833 2374 1026 2439 valet
1072 2370 1346 2441 natura.

481 2498 822 2563 Attamen
869 2498 976 2564 his
1023 2497 1346 2565 omnibus
1392 2498 1585 2582 locis,
1652 2498 1901 2585 quibus
1946 2498 2420 2587 interponitur
2483 2496 2628 2588 ἔφη,

176 2648 182 2654 -
267 2604 544 2671 accedit
603 2603 1056 2693 participium
1122 2606 1339 2691 λέγων.
1451 2606 1602 2684 Quo
1664 2606 1873 2671 modo
1936 2606 2070 2672 hoc
2135 2604 2629 2695 explicandum

268 2715 424 2779 est?
506 2710 758 2776 Hicine
831 2732 1106 2799 quoque
1154 2712 1458 2799 petenda
1505 2718 1611 2777 est
1671 2732 1879 2778 causa
1944 2736 2029 2777 ex
2098 2710 2426 2800 analogia
2487 2711 2629 2795 illa,

267 2837 482 2904 quam
544 2816 877 2905 praebere
939 2818 1348 2884 videbamus
1408 2818 1746 2884 orationis
1810 2818 2135 2905 obliquae
2196 2822 2442 2885 usum?
2515 2819 2629 2885 An

267 2922 508 3011 potius
573 2920 878 2989 directae
941 2923 1279 2990 orationis
1357 2923 1636 2989 initium
1708 2924 2037 2991 distincte
2097 2924 2405 2991 indicare
2476 2926 2631 2991 vult

501 3120 552 3185 1)
591 3116 761 3183 Quae
795 3117 897 3173 hic
948 3116 1268 3175 intercedit
1304 3118 1462 3175 ratio
1517 3119 1679 3175 inter
1728 3120 2064 3177 oraticnem
2116 3118 2411 3176 directam
2448 3125 2629 3187 atque

283 3205 606 3277 obliquam,
646 3206 794 3261 alibi
833 3224 1072 3275 quoque
1121 3208 1446 3263 invenitur.
1521 3209 1623 3265 Sic
1666 3208 1745 3263 ad
1796 3210 2129 3266 orationem
2180 3208 2505 3282 obliquam,
2540 3209 2629 3265 in·-

281 3293 618 3349 ducendam
656 3293 908 3350 verbum
948 3296 1134 3356 ἔλεξεν
1172 3296 1294 3351 iam
1332 3297 1394 3351 in
1433 3298 1628 3369 primo
1667 3296 1965 3353 Herodoti
1992 3296 2147 3352 libro
2174 3297 2509 3366 adhibetur,
2550 3296 2625 3353 ad

288 3380 578 3439 directam
615 3388 828 3455 postea
864 3383 1134 3455 demum3
1185 3402 1361 3457 porro
1401 3390 1472 3439 ut
1523 3385 1863 3458 exemplum
1903 3384 2119 3440 addam
2170 3402 2246 3439 ex
2296 3386 2629 3457 posteriore

283 3477 502 3541 aetate,
539 3471 792 3528 verbum
829 3474 1036 3545 ἔφησεν
1075 3474 1409 3529 oraticnem
1446 3473 1755 3541 obliquam
1790 3473 2026 3529 inducit
2063 3474 2126 3529 in
2164 3472 2423 3546 Polybio
2461 3474 2515 3529 V
2540 3474 2627 3544 42,

281 3556 572 3615 directam
610 3568 820 3620 contra
856 3559 1096 3618 demum
1133 3562 1198 3617 in
1235 3560 1520 3617 Diodoro.
1576 3562 1743 3629 Quae
1782 3564 1983 3618 omnia
2020 3564 2074 3619 si
2106 3563 2241 3630 quis
2280 3564 2627 3621 accuratius

282 3648 585 3720 tractabit,
625 3650 816 3705 multa
871 3656 1034 3704 certe
1081 3650 1435 3706 huiusmodi
1491 3651 1878 3707 invenientur
1931 3652 2218 3725 exempla.
2294 3652 2469 3719 Quod
2521 3652 2627 3707 ali—

283 3738 456 3793 cuius
482 3740 772 3794 momenti
811 3740 944 3793 erit.
1005 3738 1399 3812 Intellegetur
1439 3741 1598 3795 enim
1636 3740 1939 3797 cautiores
1978 3738 2175 3795 fuisse
2200 3742 2524 3813 scriptores
2564 3742 2629 3797 in

283 3826 550 3881 oratione
575 3826 806 3882 directa
829 3826 1168 3883 inducenda
1194 3846 1374 3896 quam
1402 3829 1463 3882 in
1489 3828 1764 3884 oratione
1790 3827 2052 3896 obliqua.
2126 3828 2449 3885 Praeterea
2476 3830 2627 3886 illud

284 3913 586 3987 probatur,
625 3914 784 3983 quod
822 3932 1004 3989 saepe
1041 3917 1160 3974 iam
1199 3918 1558 3973 statuimus:
1610 3935 1723 3975 nec
1760 3923 1986 3973 temere
2036 3934 2147 3973 nec
2183 3918 2443 3975 fortuito
2495 3938 2626 3976 ora-

285 4002 508 4062 tionem
546 4004 862 4062 induxisse
900 4008 1240 4080 scriptoreS,
1293 4007 1402 4063 sed
1440 4016 1672 4063 certum
1710 4008 2073 4075 ubicumque
2110 4008 2323 4064 adesse
2350 4026 2625 4083 progres-

286 4106 420 4148 sum
458 4095 640 4150 certis
678 4098 907 4151 normis
948 4096 1488 4170 circumscriptum.

496 4202 550 4269 2)
593 4200 729 4258 Hoc
782 4206 1155 4276 argumentis
1208 4202 1504 4275 probab0‚
1571 4222 1707 4259 cum
1758 4204 1831 4259 de
1883 4203 2251 4259 inductionis
2297 4206 2625 4262 omissione

290 4282 558 4347 dicturus
598 4308 749 4347 sum.
