3200 4959
1558 330 1959 397 —76—

583 525 690 594 68.
783 524 1151 593 Accedunt
1209 525 1314 592 ini
1361 548 1641 613 quoque
1696 525 1856 611 loci,
1916 525 2169 613 quibus
2230 527 2579 615 dependet
2636 528 2931 596 verbum

583 632 918 699 inducens
973 656 1016 699 a
1068 632 1416 721 particula
1471 624 1592 711 ιῦςε-
1642 626 1733 712 ὥς
1780 626 2070 722 ἠρώτησε
2122 633 2339 701 Phoc.
2391 636 2512 716 23;
2562 629 2652 713 ὥς
2680 676 2767 685 -
2800 634 2931 725 ἔφη

583 738 784 805 Alex.
811 741 916 807 30.
966 740 1171 805 Hanc
1205 739 1559 805 chriarum
1587 740 1891 807 formam
1922 739 2349 808 tralaticiam
2376 740 2597 808 Stoici
2622 742 2931 809 maxime

587 846 1006 913 vetustiores
1051 846 1506 913 excoluerant
1528 851 1609 930 ¹):
1679 847 1845 912 inde
1902 848 2179 935 accepit
2224 848 2667 915 Plutarchus.
2756 850 2933 917 Pro-

583 954 776 1019 fecta
821 961 929 1019 est
973 976 1017 1019 a
1061 953 1568 1041 Xenophonte.
2646 1026 2657 1038 ,

798 1061 1047 1148 Itaque
1095 1060 1166 1125 in
1199 1060 1424 1126 maius
1459 1068 1809 1147 augentur
1841 1084 1945 1148 ea,
1980 1084 2159 1149 quae
2192 1062 2329 1151 ipsi
2358 1062 2585 1129 Attici
2616 1064 2935 1151 aggressi

585 1174 804 1235 erant.

798 1275 946 1340 Nec
992 1281 1233 1341 tamen
1280 1296 1521 1343 omnes
1581 1275 2023 1343 inductiones
2084 1277 2271 1365 apud
2318 1274 2777 1343 Plutarchum
2836 1278 2937 1343 ad

583 1381 862 1447 Atticos
925 1381 1328 1469 respiciunt.
1423 1382 1637 1449 Valet
1698 1380 2012 1468 vulgaris
2084 1405 2362 1471 quoque
2432 1403 2692 1449 sermo:
2762 1405 2935 1449 nam

583 1495 655 1554 et
715 1487 1126 1576 frequentat
1185 1512 1352 1576 prae
1413 1488 1734 1556 omnibus
1804 1490 2051 1557 ceteris
2119 1489 2351 1557 verbis
2420 1488 2601 1557 εἶπεν
2669 1497 2743 1556 et
2806 1489 2934 1555 ubi

583 1594 1062 1682 interrogatur
1109 1594 1256 1662 sola
1306 1603 1737 1685 usurpantur
1769 1594 2011 1683 ἐρωτᾶν
2043 1602 2113 1661 et
2144 1601 2514 1681 πυθέσθαι,
2566 1619 2931 1684 nunquam

585 1701 876 1795 ἐρέσθαι.

800 1810 1019 1875 Porro
1067 1808 1192 1875 illa
1237 1809 1454 1875 verba
1518 1810 1745 1877 denuo
1801 1810 2031 1897 magis
2076 1810 2442 1877 variantur
2488 1817 2560 1876 et
2604 1812 2931 1899 frequen-

585 1924 849 2001 tantur,
903 1938 1081 2003 quae
1127 1940 1374 1984 vocem
1422 1915 1825 1983 describunt
1875 1910 2364 2001 vociferantiS,
2436 1918 2525 1987 cf.
2588 1910 2933 2005 ἀνεβόησεν

584 2024 785 2089 Alex.
853 2026 973 2107 523
1059 2022 1208 2110 ἐβόα
1277 2024 1492 2092 Phoc.
1567 2027 1685 2107 19;
1773 2020 2085 2103 ἐπεύξατο
2152 2023 2354 2090 Alex.
2428 2026 2547 2107 30;
2619 2015 2927 2112 ἀνέκραγε

583 2130 800 2198 Phoc.
853 2132 972 2215 103
1020 2124 1408 2221 ὑπεφώνησε
1453 2130 1620 2197 ibid.
1672 2132 1779 2198 35.

797 2238 884 2303 In
932 2237 1184 2326 quibus
1231 2246 1473 2328 aperte
1520 2238 1885 2305 Plutarchi
1934 2260 2165 2305 sermo
2208 2237 2500 2305 atticam
2532 2237 2721 2325 fugit
2764 2236 2928 2305 sim-

583 2343 998 2433 plicitatem.

1541 2525 1969 2539 *—

799 2755 932 2820 Sed
982 2755 1232 2843 pedem
1281 2754 1396 2820 hic
1443 2754 1635 2820 sist0.
1730 2752 1955 2819 Multa
2004 2752 2312 2839 promisi,
2376 2775 2604 2840 pauca
2650 2760 2927 2819 tantum

585 2862 814 2928 adhuc
869 2860 1099 2928 effeci.
1193 2861 1532 2927 Attamen
1595 2883 1737 2926 non
1798 2859 2070 2926 sufficit
2134 2858 2249 2925 hic
2312 2860 2528 2945 locus,
2588 2866 2667 2926 ut
2726 2860 2934 2949 plura

585 2968 938 3037 disseram.
1033 2968 1285 3053 Itaque
1333 2967 1796 3055 publicandas
1844 2966 1916 3032 in
1962 2973 2319 3055 posterum
2353 2989 2615 3055 sepono
2664 2990 2780 3032 eas
2828 2965 2931 3031 in-

585 3073 1014 3163 quisitiones,
1064 3096 1238 3162 quas
1285 3096 1556 3139 mecum
1606 3074 1695 3139 ad
1727 3072 1945 3139 finem
1994 3074 2134 3139 iam
2167 3073 2484 3161 perduxi.
2564 3072 2935 3139 Pei-tinent

585 3190 820 3248 autem
867 3204 992 3247 eae
1039 3186 1111 3246 et
1158 3181 1249 3247 ad
1296 3180 1577 3247 fabulas
1610 3202 1901 3267 graecas
1932 3202 2379 3247 romanenses
2420 3186 2499 3245 et
2532 3180 2619 3245 ad
2652 3180 2934 3247 Macca-

584 3290 915 3355 haeorum
963 3286 1200 3371 libros,
1247 3286 1641 3375 Evangelia
1703 3309 1861 3353 cum
1921 3286 2141 3370 Actis,
2200 3286 2503 3352 Hermae
2563 3286 2933 3354 Pastorem

584 3403 660 3462 et
723 3393 1535 3461 Pseudo-Callisthenem
1604 3402 1677 3459 et
1744 3394 1835 3459 ad
1902 3392 2107 3459 latini
2182 3394 2520 3460 sermonis
2598 3392 2930 3475 artificia,

585 3524 763 3589 quae
822 3501 984 3565 inde
1045 3522 1088 3565 a
1149 3500 1406 3566 Plauto
1462 3522 1679 3586 usque
1746 3500 1831 3565 ad
1896 3498 2261 3566 historiam
2320 3498 2683 3587 Apollonii
2742 3498 2931 3585 regis

585 3606 760 3695 Tyri
815 3628 956 3672 non
1028 3628 1302 3694 semper
1369 3604 1500 3673 sibi
1565 3606 1961 3672 constitisse
1981 3658 1995 3687 ‚
2056 3607 2178 3673 sed
2242 3614 2517 3672 mutata
2578 3628 2723 3671 esse
2798 3628 2929 3694 pro

586 3713 978 3781 litterarum
1025 3734 1281 3801 genere
1347 3712 1921 3800 saeculorumque
1984 3712 2373 3779 labentium
2436 3710 2719 3801 ingenio
2782 3734 2931 3778 non

584 3818 958 3889 mirabitur
1003 3819 1062 3887 is
1110 3820 1231 3909 qui
1277 3820 1466 3907 quod
1526 3820 1610 3886 de
1660 3820 1950 3887 Graecis
2010 3819 2374 3887 docuimus
2432 3817 2927 3910 percensuerit.

801 4000 856 4069 1)
894 3996 970 4053 cf.
1009 3998 1281 4071 exempla
1319 4016 1527 4054 eorum
1565 3996 1728 4070 apud
1766 3996 1942 4068 Diog.
1978 3996 2179 4052 Laert.
