3200 4959
1527 280 1929 396 -50-'

553 520 874 595 Platonis
921 520 1206 608 propria
1253 519 1563 603 videtur;
1624 519 1851 590 rarius
1896 521 2088 589 enim
2136 520 2215 589 in
2256 520 2736 609 Xenophonte
2778 522 2899 590 ad-

554 628 986 697 mittebatur.

763 735 919 803 Iam
958 732 1021 800 si
1052 733 1372 821 dialogos
1401 734 1590 821 ipsos
1618 736 2129 819 examinamus,
2170 734 2345 806 haec
2377 736 2525 806 fere
2560 735 2897 807 videmus.

765 841 879 909 Ad
923 862 1272 911 summum
1317 840 1493 911 haec
1535 842 1799 926 omnia,
1856 864 2033 929 quae
2080 844 2287 912 modo
2336 842 2765 927 enumeravi,
2828 843 2899 912 in

549 948 970 1017 Parmenide
1047 948 1453 1018 ascendunt.
1577 948 1809 1036 Prope
1886 948 2159 1017 accedit
2232 950 2327 1018 ad
2403 948 2897 1020 Parmenidem

553 1054 992 1125 convivium.
1105 1054 1558 1123 Antecedunt
1632 1055 2039 1123 Parmenidi
2114 1064 2186 1123 et
2262 1056 2609 1126 Convivio
2684 1056 2899 1125 ceteri

549 1161 838 1248 dialogi,
889 1161 1010 1248 qui
1056 1162 1168 1226 vel
1215 1161 1350 1229 hac
1397 1160 1512 1228 vel
1557 1160 1682 1229 illa
1726 1184 1801 1232 re
1848 1184 2294 1251 progressum
2350 1162 2693 1232 sermonis
2734 1186 2901 1231 con-

551 1267 799 1337 tinent.
891 1268 1170 1339 Primus
1215 1288 1456 1335 eorum
1503 1268 1837 1339 dicendus
1882 1268 2059 1337 mihi
2106 1268 2386 1340 videtur
2437 1270 2898 1356 Protagoras:

485 1434 488 1439 .
551 1374 766 1443 habet
789 1374 976 1445 enim
1009 1396 1370 1461 nunquam
1399 1375 1594 1443 vocis
1622 1373 1810 1443 εἶπεν
1830 1375 2441 1464 interpositionem
2455 1400 2474 1459 v;
2500 1380 2551 1464 ¹)
2584 1382 2899 1454 attamen

551 1482 699 1551 iam
747 1481 956 1570 plane
1003 1480 1320 1552 diversus
1365 1490 1472 1549 est
1518 1504 1562 1551 a
1607 1482 1779 1570 Lysi
1824 1491 1899 1549 et
1954 1482 2360 1567 Charmide5
2431 1482 2666 1555 minus
2712 1482 2899 1552 onim

548 1611 764 1677 quam
809 1588 884 1657 in
931 1588 1040 1657 his
1081 1587 1388 1675 dialogis
1453 1590 1528 1655 in
1574 1590 1969 1677 Protagora
2018 1611 2157 1657 vox
2202 1578 2243 1679 ἦ
2286 1582 2344 1657 δ’
2391 1584 2462 1669 ὃς
2504 1589 2898 1672 exhibetur,

549 1696 830 1784 saepius
877 1718 1018 1769 vox
1061 1693 1266 1776 εἶπεν,
1315 1696 1590 1785 saepius
1650 1696 1951 1784 denique
1997 1719 2139 1764 vox
2184 1694 2312 1786 ἔφη
2368 1697 2445 1769 in
2506 1696 2900 1768 iterationis

553 1826 705 1875 usn.
797 1802 908 1872 Ad
956 1804 1422 1889 Protagoram
1469 1824 1689 1891 prope
1743 1826 1815 1871 se
1860 1802 2179 1893 applicat
2226 1803 2718 1892 Euthydemus
2764 1804 2901 1873 nisi

555 1910 741 1998 quod
817 1909 1108 1983 verbum
1183 1905 1369 1977 εἶπεν
1445 1909 1548 1979 bis
1624 1908 1927 1979 orationi
2000 1908 2509 1999 interponitur3
2588 1910 2901 1998 sequitur

555 2016 845 2083 Phaedo
867 2066 884 2101 ,
931 2015 1053 2103 qui
1115 2016 1429 2104 apertius
1485 2016 1755 2104 respuit
1811 2038 2059 2086 vocem
2118 2006 2159 2105 ἦ
2201 2010 2259 2082 δ’
2306 2011 2411 2101 ὅς,
2472 2016 2897 2105 Respublica

557 2123 880 2210 denique,
929 2122 1050 2209 qui
1096 2121 1420 2209 dialogus
1464 2123 1742 2212 saepius
1788 2123 2179 2212 interponit
2224 2123 2516 2195 verbum
2564 2120 2765 2193 εἶπεν.

768 2248 1062 2335 Semper
1089 2269 1258 2313 vero
1291 2246 1425 2314 hoc
1457 2248 1931 2337 respiciamus,
1980 2270 2121 2337 qua
2152 2248 2633 2337 dispositionis
2666 2249 2895 2315 forma

554 2354 1030 2443 unusquisque
1077 2353 1398 2441 dialogus
1443 2362 1705 2421 utatur.

767 2480 972 2545 Certe
1031 2479 1186 2563 hoc,
1257 2480 1446 2565 quod
1505 2500 1667 2545 raro
1726 2481 1989 2547 locutio
2052 2469 2093 2569 ἦ
2148 2472 2207 2547 δ’
2267 2476 2341 2558 ὅς
2406 2480 2481 2545 in
2550 2478 2895 2546 Convivio

553 2588 836 2679 legitur,
885 2585 1007 2651 illa
1051 2606 1128 2651 re
1176 2586 1346 2651 satis
1394 2586 1805 2673 explicatur,
1856 2588 2042 2673 quod
2102 2586 2176 2652 in
2223 2587 2358 2653 hoc
2406 2588 2687 2673 dialogo
2748 2606 2899 2652 ora-

555 2692 768 2760 tionis
817 2690 1141 2780 obliquae
1189 2692 1490 2758 formam
1549 2690 1835 2759 induere
1897 2695 2125 2761 solent
2183 2692 2658 2760 inductiones:
2730 2714 2897 2779 ergo

449 2824 454 2829 ·
553 2824 680 2890 per
723 2798 1164 2865 infinitivum
1209 2798 1619 2887 plerumque
1669 2801 1947 2887 quidem
1994 2800 2297 2888 scriptae
2343 2807 2511 2867 sunt
2552 2822 2684 2865 nec
2729 2822 2895 2865 vero

553 2906 1008 2974 derivabatur
1065 2928 1106 2971 a
1160 2928 1334 2972 voce
1381 2895 1418 2970 ἶ
1475 2899 1530 2971 δ’
1585 2900 1656 2985 ὃς
1718 2906 2065 2972 infinitivi
2122 2907 2372 2973 forma.
2468 2907 2681 2973 Haud
2730 2926 2897 2973 vero

553 3013 699 3082 scio
748 3036 838 3079 an
881 3013 1128 3079 eadem
1179 3034 1388 3079 causa
1438 3012 1773 3099 sufficiat,
1820 3025 1901 3079 ut
1932 3013 2369 3079 Parmenidis
2414 3034 2641 3079 sermo
2690 3034 2896 3101 pecu-

554 3120 749 3187 liaris
826 3118 1247 3207 explicetur3
1327 3120 1614 3187 omnino
1684 3120 1869 3185 enim
1938 3120 2327 3186 contemnit
2396 3119 2511 3185 hic
2581 3119 2900 3205 dialogus

553 3227 977 3295 locutionem
1027 3214 1066 3316 ἦ
1109 3218 1166 3292 δ’
1213 3222 1313 3306 ’όςε
1361 3250 1526 3293 nam
1573 3226 1713 3295 illis
1759 3227 1927 3316 ipsis
1972 3226 2165 3311 locis,
2215 3225 2465 3314 quibus
2512 3226 2586 3291 in
2633 3226 2899 3291 directa

557 3334 875 3403 oratione
900 3334 1342 3400 inductiones
1363 3333 2134 3401 redduntur—scilicet
2158 3332 2419 3423 legitur
2443 3329 2644 3413 εἶπεν,
2674 3330 2801 3421 ἔφη
2816 3372 2901 3381 -

555 3442 678 3508 illa
725 3462 1086 3529 nunquam
1133 3449 1542 3529 usurpatur3
1616 3442 1803 3530 quod
1862 3462 2005 3507 non
2058 3439 2234 3505 satis
2294 3439 2536 3505 mirari
2579 3460 2897 3527 'possum3

555 3572 684 3615 nec
733 3556 969 3613 tamen
1016 3546 1396 3615 diiudicare
1461 3550 1682 3614 audeo
1748 3568 1915 3641 num
1977 3552 2353 3635 propterea
2415 3545 2598 3612 obeli
2658 3553 2899 3613 notam

555 3653 868 3745 postulet
913 3652 1028 3719 hic
1078 3653 1418 3742 dialogus·

771 3758 1043 3826 Deinde
1093 3762 1280 3846 quod
1325 3762 1402 3827 in
1433 3762 1847 3848 Protagora,
1895 3760 2294 3843 Phaedone,
2328 3758 2696 3844 Convivio,
2732 3760 2901 3824 Par-

553 3867 834 3939 menide
865 3866 986 3934 ubi
1017 3866 1317 3938 habetur
1347 3866 1673 3955 dialogus
1704 3868 1983 3955 saepius
2016 3868 2103 3937 ad
2136 3868 2430 3936 verbum
2468 3864 2596 3956 ἔφη
2628 3865 2898 3933 subiec-

555 3982 706 4042 tum
731 3973 1031 4041 adicitur
1059 4012 1132 4023 —
1164 3972 1290 4063 ἔφη
1321 3968 1358 4041 ὁ
1381 3974 1829 4062 Σωκράτης-
1835 4025 1850 4058 ,
1877 3974 1950 4039 id
1982 3974 2117 4040 hac
2144 3996 2222 4040 re
2254 3974 2673 4063 explicatur,
2710 3973 2893 4061 quod

777 4157 828 4219 1)
865 4150 1118 4211 Accedit
1151 4149 1316 4219 quod
1349 4149 1537 4209 semel
1589 4155 1829 4208 tantum
1884 4150 2251 4210 inversionis
2302 4168 2485 4209 unum
2532 4148 2901 4221 Protagoras

559 4242 778 4305 habot-
815 4242 914 4303 oui
951 4241 1096 4299 usui
1131 4240 1344 4302 favent
1379 4239 1747 4315 posteriores
1783 4238 2025 4314 dialogi.
