3200 4959
1367 338 1759 405 ...3¹7-

395 534 564 619 quid
613 534 840 619 magis
887 532 1314 599 contrarium
1363 532 1555 598 omni
1587 531 1963 599 variationi
1998 555 2215 618 quam
2249 534 2734 625 inductionum

396 640 868 727 antepositio‘?
941 647 1185 706 contra
1233 639 1402 725 quid
1449 639 1703 727 aptiu8‚
1754 638 1917 726 quid
1954 640 2231 706 facilius
2264 664 2474 728 quam
2524 638 2735 710 inter»

393 746 700 834 positio?

609 874 758 955 Iam
821 890 878 954 si
939 880 1027 953 ad
1090 888 1642 977 interpositionis
1709 910 1908 954 usum
1972 889 2257 977 propius
2320 888 2731 975 accedimuS,
2790 931 2795 935 ·

393 996 600 1062 facile
648 997 880 1084 plures
929 994 1258 1083 loquendi
1310 994 1574 1062 formas
1622 994 2134 1082 distinguimus,

605 1138 962 1205 Habemus
1023 1138 1324 1227 primum
1384 1138 1582 1205 illum
1641 1160 1879 1219 usum,
1942 1160 2147 1223 quem
2210 1138 2531 1205 novimus
2590 1138 2729 1207 iam

391 1270 479 1313 ex
512 1245 910 1311 Herodoto:
960 1244 1226 1311 scilicet
1258 1244 1727 1333 interponitur
1774 1244 2063 1312 verbum
2111 1244 2209 1309 eis
2242 1244 2433 1329 locis,
2482 1243 2732 1331 quibus

389 1351 615 1421 oratio
666 1350 950 1438 obliqua
997 1350 1070 1417 in
1119 1350 1460 1419 directam
1507 1350 1796 1422 transit:
1848 1352 1937 1417 cf.
1989 1351 2242 1441 Cyrop.
2292 1352 2327 1416 I
2375 1352 2437 1437 4,
2463 1352 2552 1417 20
2596 1359 2727 1417 etc.

601 1496 747 1561 Nec
795 1494 898 1559 ita
946 1495 1154 1581 longe
1203 1495 1400 1560 abest
1446 1495 1538 1559 ab
1597 1494 1731 1559 hoc
1793 1494 2151 1581 primitivo
2218 1496 2443 1581 gradu
2502 1496 2728 1561 forma

391 1626 472 1668 ea
536 1625 746 1689 quam
808 1602 962 1667 dico
1025 1602 1421 1667 secundam.
1518 1602 1669 1681 Quo
1731 1602 1781 1666 ii
1841 1601 2198 1687 pertinent
2259 1601 2416 1686 loci,
2478 1602 2730 1687 quibus

393 1711 620 1775 denuo
649 1708 896 1796 incipit
924 1708 1168 1792 oratic,
1203 1728 1384 1793 quae
1410 1706 1739 1773 brevibus
1763 1707 1993 1775 verbis
2019 1748 2101 1759 -—
2126 1708 2310 1775 sicut
2334 1706 2505 1787 ἔδοξε
2526 1720 2729 1775 ταῦτα

387 1854 478 1866 --
497 1824 666 1883 ante
699 1814 1098 1881 intermissa
1129 1822 1280 1880 erat
1305 1814 1394 1880 cf.
1431 1816 1685 1902 Cyrop.
1713 1814 1853 1879 VH
1884 1816 1947 1897 3,
1978 1816 2091 1880 11:
2126 1838 2305 1901 quae
2338 1816 2488 1902 ipsa
2520 1814 2731 1881 inter-

273 1954 280 1958 ·
335 1920 344 1929 ’
387 1923 642 2011 positio
689 1923 760 1986 in
813 1922 1171 1989 Herodoto
1220 1922 1364 1987 iam
1410 1922 1809 2007 legebatur3
1861 1923 2205 1988 accedunt
2250 1923 2314 1989 ei
2362 1922 2519 2008 loci,
2580 1924 2731 2009 qui-

391 2030 514 2095 bus
563 2028 886 2113 orationi,
949 2052 1127 2114 quae
1191 2028 1329 2094 iam
1379 2028 1667 2095 inducta
1731 2036 1901 2113 erat,
1961 2051 2124 2095 mox
2186 2053 2315 2116 per
2373 2031 2729 2095 abundan-

387 2137 562 2202 tiam
613 2136 911 2201 alterum
959 2135 1250 2201 verbum
1298 2135 1801 2222 interponitur3
1876 2136 1965 2201 cf.
2016 2135 2188 2202 talia
2233 2143 2314 2202 ut
2358 2137 2646 2203 Memor.
2694 2138 2729 2201 I

387 2246 519 2326 3‚9
565 2237 808 2331 ἤρετο
858 2250 1349 2331 Ξενοφῶντα
1397 2242 1572 2329 (εἰπέ
1604 2244 1747 2331 piot>
1795 2242 1951 2330 ἔφη
1996 2232 2079 2329 (ὦ
2128 2253 2433 2331 Ξενοφῶν
2464 2292 2480 2309 .
2516 2294 2532 2308 .
2568 2294 2585 2308 .
2619 2244 2732 2309 vel

392 2349 557 2415 ibid.
627 2350 658 2413 I
719 2350 906 2432 3,12
969 2348 1128 2435 (Καὶ
1185 2349 1404 2437 τοῦτο)
1447 2345 1636 2437 -ἕφη
1712 2343 1747 2414 ὁ
1806 2348 2235 2436 Σωκράτης
2307 2349 2733 2436 (θαυμάζειςς

391 2448 505 2523 οὐκ
567 2452 800 2543 niusa>
868 2454 1019 2543 ἔφη
1057 2454 1188 2541 -<τὰ
1229 2505 1243 2520 .
1279 2504 1294 2519 .
1331 2504 1348 2519 .
1396 2453 1650 2541 Itaque
1710 2455 1785 2519 in
1845 2455 2167 2521 omnibus
2228 2454 2335 2521 his
2396 2456 2731 2543 exemplis

391 2564 478 2627 ad
557 2562 1018 2651 praemissum
1099 2561 1392 2627 verbum
1480 2560 1955 2629 inductorium
2044 2561 2199 2649 ipsa
2288 2562 2729 2649 interpositio

391 2667 682 2735 accedit.

603 2810 840 2877 Tertia
889 2808 1188 2897 denique
1221 2810 1775 2898 interpositionis
1808 2810 2035 2875 forma
2084 2810 2157 2875 in
2205 2810 2428 2898 ipsam
2468 2810 2733 2896 dialogi

385 2915 745 3005 regionem
793 2914 1334 2983 introducimur:
1396 2916 1869 3004 interponitur
1916 2918 2102 2981 enim
2150 2916 2441 2983 verbum
2490 2918 2729 2983 induc-

385 3022 644 3090 torium
696 3024 860 3112 ipsis
909 3022 1173 3109 dialogi
1220 3024 1653 3089 sermonibus
1700 3046 1826 3111 pro
1862 3046 2027 3089 vera
2078 3024 2499 3092 inductione.
2596 3024 2729 3090 Hic

387 3154 625 3197 rursus
659 3130 793 3196 duo
829 3153 1086 3216 genera
1121 3128 1611 3217 distinguenda
1645 3138 1827 3196 sunt.
1914 3130 2225 3195 Primum
2261 3129 2485 3195 solum
2518 3132 2729 3196 inter-

390 3238 680 3325 ponitur
727 3238 1018 3302 verbum
1054 3238 1142 3303 cf.
1177 3218 1464 3303 Memor.
1513 3238 1548 3301 I
1595 3238 1659 3319 2,
1687 3238 1769 3301 34
1806 3236 1851 3325 <.
1890 3287 1902 3301 .
1944 3290 1955 3303 .
1992 3236 2082 3301 τιὸ
2131 3230 2187 3302 δ’
2191 3236 2463 3326 ἐφάτην)
2528 3231 2731 3325 (Ἐγώ

386 3345 624 3431 τοίνυν)
651 3336 801 3431 ἔφή
827 3344 873 3430 <.
903 3394 918 3407 .
948 3394 984 3426 .,
1013 3342 1261 3408 deinde
1288 3364 1426 3408 una
1447 3366 1605 3408 cum
1631 3342 1941 3409 subiecto
1960 3384 2043 3391 ——
2062 3342 2213 3433 ’ἔφη
2241 3336 2275 3409 ὁ
2299 3354 2415 3409 Σω
2434 3344 2731 3433 κράτης

386 3458 518 3515 etc.

600 3591 836 3657 Etiam
881 3571 1110 3677 magis
1158 3612 1199 3655 a
1245 3591 1539 3677 pristino
1588 3614 1717 3657 usu
1766 3592 2094 3679 loquendi
2143 3599 2393 3679 quarta
2441 3616 2569 3658 nos
2616 3594 2729 3657 de-

386 3698 580 3764 ducit
641 3698 903 3775 forma:
977 3696 1448 3784 interponitur
1517 3698 1703 3763 enim
1770 3721 1977 3784 saepe
2040 3700 2327 3764 verbum
2400 3700 2525 3788 ἔφη
2595 3700 2727 3766 hoc

387 3806 616 3891 mod0,
664 3813 745 3870 ut
791 3811 1192 3893 separatum
1239 3802 1330 3869 sit
1378 3827 1417 3869 a
1451 3803 1734 3892 reliquis
1768 3804 2072 3891 eiusdem
2122 3806 2508 3871 sententiae
2542 3807 2728 3871 voci-

385 3912 530 3996 buS‚
580 3911 670 3976 cf.
719 3912 1003 3976 Memor.
1055 3910 1089 3975 Ι
1135 3913 1264 3993 4,3
1313 3911 1446 3976 καὶ
1493 3909 1574 3989 ’ὸς
1621 3910 1851 3998 (Λέξον
1909 3902 2084 3999 ἡμῖν)
2134 3910 2284 4001 ἔφη
2344 3913 2391 3999 <.
2426 3963 2442 3977 .
2478 3936 2532 3993 .;
2582 3912 2727 3977 sive

384 4016 832 4107 participium
882 4016 1167 4105 aliquod
1231 4040 1388 4082 cum
1447 4016 1761 4083 subiecto
1825 4017 1939 4083 vel
2000 4018 2153 4083 aliis
2217 4016 2505 4084 vocibus
2568 4042 2729 4085 con-

381 4125 696 4192 iunctum
745 4114 1132 4191 orationem
1169 4124 1534 4195 ,antecedit
1580 4124 1761 4189 sicut
1808 4126 1916 4191 καὶ
1963 4118 2351 4215 ὃΧαρικλῇς
2396 4118 2731 4211 ὀργισθεὶς

383 4226 554 4319 αὐτῷ
581 4232 627 4319 <.
658 4282 671 4295 .
702 4233 747 4319 .>
787 4232 992 4318 Mem.
1024 4230 1060 4295 I
1100 4233 1284 4317 2535,
1315 4232 1462 4297 sive
1502 4231 1725 4299 solum
1766 4230 2189 4301 subiectum:
2224 4226 2261 4299 ὁ
2288 4233 2350 4301 δὲ
2393 4233 2730 4322 Σωκράτης
