3200 4959
1528 326 1962 393 -10-

575 526 650 585 et
726 519 1048 606 inprimis
1129 520 1210 586 E.
1283 520 1361 586 Τ.
1451 520 1537 585 A.
1624 520 2043 587 Hoffmann.
2158 521 2499 587 Attamen
2586 520 2928 586 maiorem

575 648 939 691 numerum
1003 634 1074 691 et
1133 625 1532 693 subtiliores
1593 627 1851 713 gradus
1910 628 2097 713 apud
2146 626 2591 713 Ludwigium
2640 628 2927 693 demum

574 732 750 798 haec
787 732 1120 820 loquendi
1165 733 1347 800 ratio
1397 733 1685 821 accipit:
1732 734 1855 819 qui
1901 741 1974 801 et
2018 733 2222 799 novis
2282 734 2635 800 coloribus
2680 734 2927 800 multis

575 848 784 905 ornat
843 840 1036 905 vocis
1085 839 1626 928 descriptionem
1688 862 1821 905 nec
1878 840 2147 927 respuit
2205 840 2489 906 insolita
2551 841 2766 905 verba
2826 840 2924 906 cf.

581 945 882 1033 „zirpen,
932 946 1302 1034 sprudeln“
1355 955 1520 1013 etc.:
1585 968 1759 1034 poro
1808 945 2032 1011 utitur
2078 945 2186 1011 his
2234 947 2484 1030 verbis,
2546 955 2626 1012 ut
2689 968 2925 1033 perso-

574 1074 823 1118 narum
869 1052 1256 1139 imaginem
1303 1052 1671 1119 describat.
1750 1052 1867 1118 Sic
1923 1051 2131 1119 tussit
2192 1059 2429 1119 textor
2474 1053 2607 1137 (ed.
2642 1052 2925 1119 Bartels

573 1182 640 1246 p.
689 1168 732 1227 4
779 1160 1047 1227 duobus
1093 1159 1300 1242 locis3
1349 1183 1416 1248 p.
1467 1162 1510 1227 6
1541 1162 1724 1243 eta),
1772 1158 2013 1227 tremit
2066 1158 2547 1225 Solu-ammius
2593 1158 2732 1242 ille,
2798 1158 2923 1245 qui

577 1273 794 1354 caput
841 1288 1113 1355 semper
1172 1266 1410 1333 vibrat
1453 1305 1540 1317 -
1587 1290 1655 1354 p.
1704 1267 1791 1331 29
1838 1304 1945 1348 --,
1994 1264 2201 1330 bullit
2262 1264 2789 1333 Saalfeldiensis
2834 1304 2923 1317 --

575 1396 643 1460 p.
693 1374 780 1439 33
827 1412 934 1458 ——,
981 1373 1232 1441 stridet
1277 1374 1548 1461 gryllus
1593 1412 1681 1421 —-
1729 1397 1795 1460 p.
1831 1374 1918 1439 35
1952 1410 2055 1437 --.
2092 1371 2284 1458 Ergo
2332 1372 2407 1437 in
2456 1371 2592 1437 hac
2640 1392 2921 1459 quoque

573 1503 647 1545 re
717 1503 758 1545 a
828 1480 1078 1547 ceteris
1145 1479 1605 1568 scriptoribus
1650 1480 1751 1545 ita
1812 1479 2059 1545 differt
2117 1478 2547 1567 Ludwigius‚
2596 1486 2677 1545 ut
2728 1485 2917 1545 certo

573 1586 868 1653 consilio
918 1595 989 1654 et
1034 1608 1249 1675 opera
1298 1588 1465 1653 data
1513 1585 1942 1655 inductionis
1987 1585 2309 1652 formulis
2370 1587 2459 1652 ad
2520 1587 2917 1673 augendam

575 1693 806 1782 operis
854 1700 1078 1761 artem
1126 1701 1388 1761 utatur.
1483 1694 1823 1761 Attamen
1870 1692 2005 1759 hoc
2067 1692 2483 1781 singillatim
2547 1694 2921 1780 quominus

575 1824 999 1889 percurram,
1049 1810 1324 1889 tempus
1369 1800 1600 1888 ipsum
1648 1824 1759 1867 me
1806 1800 2152 1888 prohibet.

788 1908 904 1973 Sic
936 1909 1074 1975 duo
1107 1908 1523 1975 variationis
1569 1930 1831 1994 genera
1868 1907 2267 1975 novissimis
2300 1906 2731 1995 temporibus
2763 1912 2918 1972 orta

573 2037 721 2081 esse
767 2014 1159 2081 statuimus.

786 2122 1088 2189 Restant
1147 2144 1312 2189 vero
1374 2122 1611 2189 omnia
1672 2129 1905 2189 cetera
1966 2120 2217 2206 verba,
2294 2120 2615 2208 inprimis
2678 2124 2914 2187 autem

574 2229 954 2293 secundum
1025 2228 1198 2294 illud
1275 2229 1645 2295 verborum
1718 2250 1974 2315 genus,
2065 2229 2249 2315 quod
2328 2227 2729 2293 orationum
2805 2248 2919 2290 co-

569 2334 943 2401 nexionem
967 2336 1256 2423 respicit
1287 2336 1468 2401 sicut
1495 2337 2005 2421 „entgegnen“.
2072 2335 2170 2400 Et
2202 2339 2444 2400 manet
2474 2332 2607 2399 hoc
2634 2332 2915 2419 quidem

571 2448 938 2527 totumque
998 2442 1357 2530 proprium
1437 2442 1578 2507 iam
1654 2442 1889 2506 fuerat
1949 2440 2426 2529 antiquiorum
2486 2450 2915 2527 temporum:

571 2549 758 2636 quod
805 2549 989 2614 idem
1035 2548 1228 2615 valet
1273 2550 1358 2614 de
1403 2548 1573 2636 ipsis
1620 2548 1851 2613 verbis
1898 2548 2194 2614 dicendi.

785 2656 1108 2723 Ceterum
1167 2662 1421 2743 regnat
1483 2655 1672 2742 apud
1733 2654 2162 2741 antiquiores
2222 2654 2446 2720 maior
2484 2650 2917 2741 ⁴'simplicitas

571 2762 934 2848 solentque
1010 2784 1227 2828 unum
1295 2761 1600 2827 verbum·
1660 2784 1827 2850 prae
1888 2762 2138 2828 ceteris
2186 2762 2633 2850 frequentare
2708 2756 2917 2846 primi

569 2868 968 2936 fabularum
1016 2868 1408 2988 scriptore&

783 2976 1110 3041 Praefert
1152 2976 1292 3041 iam
1349 2974 1667 3041 Scheffel
1721 2975 1797 3039 in
1855 2976 2273 3042 Eckehardo
2328 2932 2623 3040 verbum
2692 2993 2919 3059 ⁷⁷spre-

572 3080 790 3147 chen“
865 3080 1186 3148 omnibus
1259 3081 1506 3147 ceteris
1567 3081 1856 3147 vocibus
1922 3120 1997 3131 -—
2058 3087 2438 3175 usurpatur
2496 3080 2683 3144 enim
2743 3078 2917 3143 haec

570 3210 710 3256 vox
781 3188 1000 3257 69¹0¹¹³
1073 3188 1146 3253 in
1215 3188 1304 3253 40
1371 3188 1614 3275 primis
1685 3187 1999 3275 paginis,
2086 3194 2332 3253 contra
2404 3194 2635 3251 cetera
2706 3182 2920 3251 verba

573 3292 1062 3378 72103felioi
1109 3318 1359 3385 nempe
1411 3294 1543 3361 hac
1591 3294 2045 3383 simplicitate
2093 3293 2515 3359 Scheffelius
2563 3298 2919 3359 vetustum

573 3401 803 3488 operis
849 3400 1153 3468 colorem
1187 3401 1478 3489 appetit.
1558 3402 1837 3468 Favent
1885 3400 2133 3466 deinde
2182 3399 2456 3467 Goethe
2503 3404 2575 3465 et
2622 3397 2920 3464 Schiller

573 3510 784 3575 verbo
839 3510 1160 3595 „sagen“.
1254 3507 1528 3573 Dehinc
1562 3508 1813 3573 crescit
1858 3513 2071 3592 atque
2121 3517 2425 3593 augetur
2471 3505 2678 3571 huius
2726 3502 2922 3569 vocis

575 3636 802 3680 amor:
853 3614 939 3679 ad
967 3636 1314 3681 summum
1353 3614 1679 3702 pervenit
1711 3614 1784 3678 in
1816 3613 2372 3701 Simplicissimo,
2414 3634 2621 3697 quem
2653 3608 2921 3698 perlegi

573 3720 1133 3809 antiquissimum
1227 3722 1671 3809 scriptorem:
1765 3728 1838 3786 et
1916 3720 2197 3807 quidem
2276 3717 2563 3783 exhibet
2640 3714 2921 3813 Simpli-

571 3828 886 3895 cissimus
933 3851 1178 3895 vocem
1221 3830 1516 3916 „sagen“
1553 3826 1765 3893 4010ns
1812 3826 1883 3891 in
1930 3828 2018 3891 25
2056 3824 2300 3913 primis
2348 3824 2658 3915 paginis:
2722 3844 2921 3910 prae—

574 3943 765 4002 terea
835 3935 1040 4003 19Ῐθιῃὶ
1101 3936 1394 4001 verbum
1448 3934 1965 4022 „antworten“;
2039 3932 2298 4019 viginti
2359 3937 2694 4020 quattuor
2752 3952 2917 3995 vero

573 4041 742 4108 locis
791 4042 931 4108 alia
981 4043 1449 4109 admittuntur
1495 4043 1731 4108 verba,
2062 4026 2069 4029 ’

787 4149 923 4217 Sed
955 4151 1180 4216 maior
1220 4149 1394 4215 haec
1425 4148 1862 4236 simplicitaS,
1896 4169 2074 4233 quae
2106 4146 2183 4213 in
2211 4146 2364 4234 ipso
2392 4143 2919 4233 simplicissimo

576 4256 816 4324 multis
864 4256 1018 4323 aliis
1064 4256 1296 4323 verbis
1357 4255 1789 4341 debilitatur,
1844 4277 1933 4319 ne
1982 4253 2147 4321 huic
2196 4232 2477 4340 quidem
2520 4251 2657 4317 toti
2701 4251 2921 4319 aetati
