3200 4959
1296 368 1382 381 ...
1451 330 1540 397 45
1611 371 1692 380 .-

325 529 588 613 Contra
635 550 774 593 vox
822 520 1162 613 ἅρχεσθαι,
1213 526 1471 614 quippe
1521 550 1701 613 quae
1749 528 2028 595 initium
2062 527 2283 595 solum
2324 526 2665 597 orationis

322 636 686 723 respiciat‚·
721 634 1110 701 cottidiano
1157 634 1460 701 sermoni
1509 636 1716 722 plane
1760 636 2159 723 respondet.

537 776 996 843 Attamenin
1057 776 1166 842 his
1227 798 1504 861 quoque
1562 776 1797 844 verbis
1845 776 2341 863 Xenophontis
2404 777 2663 865 scripta

322 885 506 949 inter
553 906 624 949 se
669 882 1052 963 differunt3
1125 888 1196 947 et
1241 881 1523 968 quidem
1569 882 1825 947 nititur
1862 882 2035 948 haec
2082 883 2415 969 loquendi
2462 883 2667 949 diffe-

321 990 550 1057 rentia
582 991 841 1078 partim
875 990 952 1055 in
985 988 1320 1077 temporis
1355 986 1749 1055 discrimine
1782 988 2039 1077 partim
2070 1010 2239 1055 vero
2271 990 2345 1054 in
2393 990 2665 1056 diverso

325 1119 614 1186 operum
662 1116 936 1183 genere.
1031 1096 1228 1175 Quod
1263 1096 1501 1161 statim
1536 1102 1832 1183 apparet
1878 1118 1963 1161 ex
2012 1093 2149 1161 illis
2178 1096 2435 1181 verbiS,
2487 1120 2665 1184 quae

323 1226 570 1271 vocem
641 1203 1044 1269 describunt
1113 1202 1226 1267 vel
1295 1210 1788 1323 argumentum
1858 1202 2193 1269 indicant.
2310 1202 2667 1269 Exhibent

324 1312 510 1376 enim
560 1309 1056 1397 Xenophontis
1104 1310 1365 1397 scripta
1412 1308 1753 1374 minorem
1802 1308 2051 1375 horum
2110 1309 2481 1375 verborum
2530 1311 2665 1376 fre-

326 1417 685 1519 quentiam
769 1437 980 1502 quam
1073 1416 1550 1503 antecedentis
1632 1416 1968 1505 temporis
2048 1414 2361 1500 litterae,
2456 1436 2665 1505 porro

325 1524 668 1590 minorem
717 1544 926 1609 quam
959 1520 1304 1587 Anabasis
1350 1528 1422 1588 et
1454 1522 1893 1609 Cyropaedia
1928 1522 2452 1589 Hellenicorum
2484 1524 2663 1608 libri,

323 1631 664 1697 minorem
751 1629 1050 1717 denique
1136 1650 1345 1748 quam
1427 1650 1669 1695 omnes
1738 1628 2238 1717 Xenophontis
2332 1630 2663 1697 historiae

323 1736 460 1826 ipsi
491 1735 772 1823 dialogi.
852 1736 1041 1823 Ergo
1073 1736 1260 1801 inter
1299 1735 1451 1823 ipsa
1498 1735 1997 1824 Xenophontis
2029 1736 2292 1824 scripta
2326 1737 2412 1802 ad
2446 1738 2665 1803 finem

323 1844 393 1909 id
443 1843 670 1930 magis
717 1843 1080 1931 magisque
1129 1842 1542 1930 perductum
1604 1850 1727 1927 est,
1792 1844 1978 1930 quod
2040 1842 2318 1909 initium
2380 1852 2665 1933 ceperat

325 1951 466 2036 iam
515 1951 674 2015 inde
725 1950 814 2015 ab
861 1948 1242 2015 Herodoto.

537 2074 621 2141 Id
667 2082 748 2140 ut
785 2074 1300 2163 perlustremUS,
1357 2074 1582 2140 brevis
1615 2072 1931 2139 sufficiat
1966 2074 2335 2141 verborum
2385 2096 2663 2141 enume-

323 2183 530 2249 ratiO.
2380 2178 2385 2183 ⁸

542 2306 988 2371 Antecedant
1035 2304 1382 2371 Anabasis
1429 2314 1502 2370 et
1549 2306 2011 2393 Cyropaedia,
2073 2306 2140 2371 in
2190 2301 2440 2393 quibus
2490 2306 2664 2373 haec

328 2412 475 2477 fere
539 2412 751 2477 verba
812 2412 1235 2499 descriptiva
1297 2420 1459 2477 sunt
1521 2410 1636 2475 vel
1696 2434 1941 2478 vocem
2000 2413 2114 2479 vel
2175 2422 2665 2501 argumentum

327 2516 749 2587 indicantia:
799 2515 1058 2607 legitur
1102 2522 1259 2603 βοᾶν
1291 2518 1519 2587 Anab.
1550 2518 1657 2584 IV
1693 2518 1752 2603 7,
1780 2520 1898 2597 243
1950 2516 2205 2607 Cyrop.
2242 2520 2421 2585 VIII
2462 2522 2663 2605 1,29;

327 2622 724 2709 ἐπεύχεσθαι
784 2624 1036 2713 Cyrop.
1087 2622 1150 2689 V
1213 2626 1414 2708 1‚29;
1475 2624 1578 2689 VI
1638 2624 1804 2710 4‚9;
1868 2626 1930 2693 V
1992 2626 2201 2709 4,14;
2262 2624 2440 2693 VIII
2503 2630 2666 2713 7,3;

330 2738 753 2822 φθέγγεσθαι
777 2732 944 2798 ibid.
974 2730 1085 2797 III
1109 2732 1310 2817 3,613
1345 2730 1466 2814 62;
1501 2728 1640 2796 VH
1679 2732 1741 2815 3,
1764 2734 1863 2799 11.
1898 2728 2266 2799 Accedunt
2306 2746 2671 2822 παρεγγυᾶν

328 2840 583 2927 Cyrop.
632 2838 742 2904 III
790 2840 954 2922 2‚6;
1025 2831 1302 2927 ἄφίκετο
1361 2838 1455 2915 εἰς
1513 2838 1692 2905 τόνδε
1750 2838 1861 2905 τὸν
1922 2838 2123 2925 λόγον.
2166 2837 2332 2906 ibid.
2381 2839 2455 2906 II
2502 2842 2564 2927 2,
2596 2844 2665 2925 13

326 2950 736 3035 προσηνέχθη
781 2944 944 3009 ibid.
980 2944 1084 3010 IV
1129 2946 1191 3029 5,
1217 2946 1303 3008 44
1351 2944 1538 3031 quod
1584 2967 1713 3032 pro
1758 2967 1931 3010 voce
1963 2938 2451 3035 ἇποκρίνασθαι
2488 2949 2669 3036 posi-

327 3062 478 3118 tum
539 3073 884 3139 nusquam
949 3050 1116 3115 alibi
1179 3050 1250 3115 in
1314 3050 1745 3117 Graecorum
1806 3052 2055 3117 litteris
2116 3053 2389 3139 inveni3
2458 3077 2667 3143 porro

324 3152 642 3242 ἀκούομεν
709 3157 996 3243 θορύβου
1063 3158 1304 3223 πολλοῦ
1373 3158 1600 3223 Anah.
1672 3158 1739 3223 V
1808 3158 1867 3242 7,
1908 3158 1991 3223 21
2064 3166 2135 3224 et
2207 3158 2415 3227 ἔννοια
2492 3154 2669 3251 αὐτῷ

329 3264 642 3349 ἐμπίπτει
705 3264 869 3329 ibid.
935 3263 1048 3329 III
1117 3266 1318 3348 1,13;
1390 3263 1563 3329 haec
1636 3273 1987 3351 postrema
2058 3266 2337 3353 quidem
2408 3268 2667 3335 locutio

325 3372 546 3437 libera
579 3381 684 3436 est
715 3378 786 3435 et
818 3370 902 3435 ad
939 3369 1165 3457 poesis
1196 3393 1396 3435 usum
1433 3393 1647 3459 prope
1683 3370 1966 3438 admota
2001 3372 2295 3458 videtur,
2350 3383 2661 3441 attamen

329 3486 579 3567 aptum
650 3476 864 3542 habet
934 3474 1395 3562 explicatum:
1476 3477 1833 3543 inducitur
1909 3478 2095 3544 enim
2166 3479 2298 3545 hac
2368 3480 2670 3551 formula

328 3584 904 3671 soliloquium
952 3582 1255 3669 aliquod,
1304 3584 1657 3669 totiusque
1708 3584 2157 3673 antiquorum
2205 3586 2540 3655 sermonis
2591 3591 2661 3656 id

329 3682 687 3780 proprium
735 3690 1030 3773 videtur,
1082 3696 1158 3754 ut
1207 3688 1600 3755 huiusmodi
1650 3690 1999 3757 orationes
2058 3692 2292 3759 liberis
2350 3695 2671 3763 formulis

309 3799 790 3865 inducantur:
841 3797 930 3861 cf.
981 3794 1132 3863 Liv.
1182 3795 1226 3861 l.
1275 3795 1385 3861 IX
1433 3796 1496 3879 3,
1529 3798 1562 3859 1
1619 3797 2031 3881 „fremere“;
2105 3800 2293 3867 Curt.
2343 3802 2509 3867 Rus.
2558 3803 2671 3869 III

329 3912 391 3991 6,
417 3908 459 3969 ὃ
497 3912 802 3991 „secreta
837 3902 1322 3968 aestimatione
1355 3902 1776 3991 pensabat“;
1812 3926 2019 3991 porro
2046 3906 2375 3995 Xenoph.
2412 3908 2665 3997 Ephes.

330 4008 395 4078 V
441 4016 503 4095 9,
530 4014 572 4077 5
617 4010 821 4079 πολλὰ
869 4008 1033 4096 πρὸς
1079 4008 1304 4075 ἑαυτὸν
1351 4007 1699 4095 ἕλογίζετο;
1773 4010 1937 4075 ibid.
1986 4010 2060 4077 Π
2113 4014 2213 4097 10,
2240 4016 2281 4079 3
2330 4012 2561 4083 ἐνενόει
2606 4017 2673 4083 δὲ

329 4118 499 4207 πρὸς
543 4114 766 4183 ἑαυτὸν
827 4116 1168 4199 πολλάκις
1217 4116 1492 4203 Evang.
1542 4117 1763 4183 Marci
1809 4117 1883 4183 II
1928 4118 1971 4181 6
2006 4171 2020 4184 .
2058 4170 2071 4184 .
2108 4168 2123 4183 .
2172 4120 2672 4207 διαλογιζόμενοι

313 4212 397 4293 ’ἐν
455 4238 599 4303 ταῖς
645 4224 930 4311 καρδίαις
975 4216 1204 4289 αὐτῶν.
1295 4222 1498 4287 Unde
1565 4222 1697 4289 hoo
1760 4223 2021 4290 elucet:
2092 4246 2234 4291 non
2296 4250 2445 4315 pro.
2486 4230 2671 4293 veris
