3200 4959
2394 280 2427 299 «Ι

1271 372 1362 383 --
1431 328 1513 399 1?
1582 366 1671 383 --
2104 327 2311 446 ²:0³⁸
2357 309 2375 327 ³
2545 339 2673 438 κ’

2141 447 2343 513 κῇ*
2427 447 2526 492 s

301 530 498 595 deest
530 530 808 616 quidem
841 529 1038 597 notio
1087 529 1386 613 dicendi,
1433 529 1790 595 indicatur
1836 548 2023 614 vero,
2073 528 2241 615 quid
2288 486 2421 596 sibi
2466 530 2640 597 velit

301 642 560 703 orator.

515 758 629 826 Sic
675 760 1024 826 Homerus
1069 760 1455 826 transcedit
1503 760 1837 827 terminos
1883 760 2219 849 simplicis
2280 760 2637 827 dictionis:

299 866 476 933 haec
524 867 710 932 enim
759 886 1031 954 semper
1075 866 1246 932 illud
1311 868 1606 955 appetit,
1667 875 1749 934 ut
1807 866 2063 935 iniecto
2124 868 2339 934 verbo
2403 868 2636 955 aliquo

300 971 578 1039 dicendi
648 972 986 1039 orationis
1063 972 1339 1038 initium
1412 974 1500 1039 ab
1570 974 1723 1063 ipsa
1793 974 2195 1040 narratione
2265 976 2637 1041 manifeste

300 1086 681 1169 separetur.

513 1222 850 1287 Attamen
901 1220 1038 1286 alia
1085 1242 1158 1286 re
1210 1222 1296 1287 ad
1346 1220 1870 1310 simplicitatem
1911 1222 2135 1308 magis
2183 1244 2253 1287 se
2302 1222 2635 1311 applicat.

295 1326 475 1393 Dico
525 1326 682 1393 illas
731 1327 1192 1412 inductiones»,
1242 1350 1420 1414 quae
1469 1330 1902 1413 geminatam
1950 1328 2316 1393 continent
2362 1328 2636 1393 dicendi

299 1435 682 1501 notionem.
775 1432 934 1502 Hoc
983 1431 1167 1501 enim
1213 1432 1641 1499 inductionis
1688 1452 1909 1521 genus
1942 1434 2113 1521 quin
2150 1434 2412 1500 referat
2460 1434 2637 1499 anti-

299 1541 704 1631 quissimam
749 1538 1049 1608 formam
1096 1539 1446 1628 loquendi,
1494 1540 1783 1607 dubium
1833 1563 1978 1606 esse
2025 1562 2167 1607 non
2215 1548 2465 1629 potest.

513 1684 714 1764 Quod
783 1707 870 1749 ex
938 1706 1013 1751 re
1083 1684 1236 1773 ipsa
1305 1683 1609 1773 primum
1678 1690 1993 1771 apparet.
2100 1684 2382 1752 Fortius
2450 1686 2634 1752 enim

299 1813 510 1879 quam
577 1790 779 1857 nobis
849 1787 1264 1877 antiquioris
1341 1797 1528 1856 certe
1597 1789 1933 1877 temporis
2000 1789 2455 1877 scriptoribus
2524 1792 2636 1857 vel

295 1899 524 1987 poetis
571 1897 830 1987 quippe
874 1896 1267 1963 rudioribus
1299 1896 1611 1963 narratio
1643 1896 2036 1985 interrupta
2069 1920 2213 1962 esse
2246 1897 2634 1984 videbatur,

294 2004 417 2071 ubi
466 2004 690 2071 oratio
723 2003 1006 2077 inmissa
1038 2002 1316 2069 initium
1353 2002 1556 2091 cepit.
1654 2003 1805 2083 Qua
1838 2026 1911 2068 re
1945 2003 2152 2069 facile
2186 2025 2267 2068 eo
2301 2012 2629 2093 poterant

299 2112 607 2201 perduci,
669 2121 750 2177 ut
797 2132 1007 2197 quam
1054 2109 1624 2177 manifestissima
1684 2109 2089 2177 inductione
2150 2110 2636 2199 patefacerent

298 2239 666 2309 personam
721 2240 898 2305 quae
947 2216 1162 2285 verba
1211 2219 1479 2283 faceret
1525 2240 1711 2283 nunc
1760 2216 2038 2283 mutari.

507 2361 806 2427 Accedit
866 2362 1048 2447 quod
1099 2360 1491 2430 litterarum
1553 2360 1877 2448 exempla
1922 2360 2397 2445 inveniuntur,
2458 2384 2636 2447 quae

295 2470 598 2556 probent
642 2468 778 2534 hoc
823 2474 1348 2554 argumentum:
1398 2466 1791 2533 litterarum
1839 2468 2045 2534 modo
2078 2466 2407 2555 inspicias
2456 2468 2635 2535 anti-

294 2574 630 2662 quissima
660 2596 921 2660 genera
951 2574 1066 2640 vel
1097 2596 1236 2657 eas,
1285 2596 1462 2659 quae
1495 2573 1911 2663 popularem
1958 2572 2262 2641 reddunt
2302 2575 2633 2660 loquendi

294 2680 906 2747 consuetudinem:
969 2680 1314 2747 Herodoti
1359 2678 1515 2745 dico
1561 2680 1679 2747 vel
1726 2680 1982 2748 veteris
2044 2680 2347 2767 novique
2396 2680 2636 2746 Testa-

293 2788 522 2856 menti
569 2786 812 2853 libros:
864 2786 1037 2853 talia
1085 2809 1356 2875 semper
1401 2786 1737 2853 invenies
1832 2786 2014 2853 Item
2077 2786 2296 2853 nostri
2357 2810 2634 2875 quoque

294 2894 628 2961 sermonis
675 2893 1058 2982 primordia
1106 2893 1498 2960 huiusmodi
1534 2890 1795 2960 habent
1833 2889 2306 2960 inductiones:
2355 2895 2634 2981 qualem

291 2999 581 3067 exhibet
619 2998 1188 3089 Simplicissimus
1232 3024 1300 3089 p.
1335 3000 1421 3067 69
1469 3000 1600 3085 (ed.
1636 2998 1957 3084 Reclam)
2010 3000 2165 3087 „ich
2212 2998 2434 3067 schrie
2483 3002 2629 3068 ihm

289 3108 613 3177 fiberlaut
658 3130 746 3173 zu
791 3107 936 3173 und
983 3108 1220 3198 sagte“
1275 3114 1345 3173 et
1391 3104 1637 3174 Victor
1684 3106 2015 3191 Scheffel,
2068 3130 2272 3195 quem
2326 3115 2630 3175 veterem

285 3237 676 3281 sermonem
725 3236 938 3301 opera
985 3213 1151 3281 data
1199 3212 1462 3279 imitari
1510 3236 1723 3303 supra
1759 3214 1895 3279 iam
1933 3214 2255 3299 vidimuS,
2304 3212 2375 3279 in
2409 3216 2632 3281 Ecke-

287 3321 508 3387 hardo
555 3344 625 3409 p.
671 3321 790 3387 20:
845 3320 1098 3407 „erhob
1146 3320 1258 3387 die
1307 3320 1600 3395 Stimme
1649 3321 1792 3386 und
1838 3320 2157 3409 sprach“.

501 3461 652 3527 Nec
683 3466 922 3527 tamen
965 3462 1372 3547 agnoscitur
1415 3462 1526 3529 his
1573 3484 1745 3550 quos
1793 3464 2127 3552 exscripsi
2172 3464 2349 3531 loeis
2396 3464 2632 3551 primi-

283 3570 436 3636 tiva
456 3567 794 3656 loquendi
813 3569 1068 3653 forma,
1099 3591 1277 3656 quae
1301 3590 1698 3657 synonyma
1734 3577 2013 3637 tantum
2046 3572 2401 3637 cumulare
2434 3573 2630 3658 solet,

285 3678 376 3746 cf.
425 3674 738 3764 vulgaris
797 3674 1134 3743 sermonis
1191 3674 1671 3743 inductionem
1720 3674 1867 3743 εἶπε
1911 3678 2111 3763 λέγων
2157 3677 2325 3743 Luc.
2378 3700 2627 3764 evang.

287 3784 422 3849 VII
467 3784 576 3867 39,
621 3782 772 3848 XII
823 3782 906 3849 16
953 3788 1086 3847 etc.

499 3922 710 3989 Cuius
774 3922 1112 3990 sermonis
1171 3920 1476 4011 vestigia
1523 3922 1865 3991 nonnulla
1911 3925 2354 4013 agnoscimus
2416 3926 2629 3991 etiam

281 4032 356 4096 in
403 4030 748 4097 Homero:
806 4030 894 4095 cf.
942 4028 1064 4095 illa
1115 4028 1271 4108 ἔπος
1316 4022 1641 4119 τ’ἕφατ’ἐκ
1686 4024 2055 4115 τ’ὅνόμαζεν
2098 4032 2212 4096 vel
2271 4024 2631 4120 ἀγορήσατο

280 4140 388 4204 καὶ
433 4143 790 4221 μετέειπεν,
840 4158 1022 4223 quae
1071 4157 1208 4224 quo
1258 4138 1485 4223 magis
1533 4138 1877 4203 formulae
1926 4138 2151 4203 instar
2182 4136 2626 4222 adhibentur,

281 4266 364 4311 eo
411 4242 636 4331 magis
683 4242 1246 4329 antiquissimum
1294 4262 1494 4307 usum
1543 4245 1837 4330 prodere
1888 4246 2235 4309 videntur.
