3200 4959
1519 322 1961 387 -12-

562 514 894 582 historiae
965 538 1286 583 severum
1359 516 1607 603 attigit
1664 516 2020 585 iudicium.
2118 518 2269 599 Quo
2334 518 2605 585 factum
2668 526 2775 586 est
2830 527 2925 585 ut

561 644 912 707 excursus,
961 622 1080 710 qui
1137 624 1473 692 lectorem
1533 623 1904 708 delectent,
1970 624 2359 691 narrationi
2416 624 2665 693 inserti
2734 625 2921 693 sint:

563 729 684 816 qui
731 750 1062 795 excursus
1107 730 1198 795 ad
1247 730 1601 817 colloquia
1634 730 1749 795 vel
1782 732 1871 797 ad
1902 752 2255 799 sermones
2288 754 2499 820 saepe
2531 733 2915 799 deducunt.

563 838 781 903 Porro
807 858 890 903 ea
915 857 1192 925 quoque
1226 837 1310 902 de
1344 859 1554 905 causa
1588 837 1941 905 orationes
1981 838 2389 923 frequenter
2432 838 2915 907 narrationem

561 944 1102 1031 interurmpunt,
1150 943 1315 1029 quia
1361 943 1467 1009 uti
1511 946 1749 1011 studet
1794 943 2086 1013 historia
2116 943 2285 1031 ipsis
2332 944 2771 1015 orationibus
2820 946 2911 1013 ad

563 1071 1019 1137 personarum
1065 1048 1371 1117 indolem
1422 1052 1936 1139 explicandam.

773 1175 889 1241 Sic
937 1175 1122 1241 latus
1169 1184 1368 1263 patet
1416 1175 1912 1263 disputationis
1962 1198 2267 1263 campus.
2362 1176 2511 1242 Nec
2564 1176 2913 1243 desidera-

559 1304 746 1364 muS,
809 1281 994 1369 quod
1058 1282 1476 1369 quaerimus.
1573 1282 1857 1347 Adest
1918 1282 2147 1369 apud
2212 1282 2643 1369 antiquos
2704 1282 2909 1347 sim-

557 1386 936 1475 plicitas
1001 1387 1392 1455 maxima.
1485 1388 1670 1453 Nam
1720 1388 1905 1475 apud
1955 1409 2197 1454 omnes
2244 1386 2581 1455 orationis
2630 1389 2901 1455 solutae

555 1494 930 1581 scriptores
977 1495 1299 1562 omnibus
1347 1496 1598 1561 ceteris
1643 1494 2070 1561 inductionis
2130 1494 2453 1561 formulis
2498 1495 2903 1583 longissime

556 1609 920 1689 praestant
943 1602 1159 1667 verba
1191 1602 1344 1690 ipsa
1369 1602 1677 1668 dicendi:
1720 1624 1899 1689 quae
1924 1608 2087 1668 sunt
2124 1602 2311 1689 apud
2340 1601 2648 1668 Graecos
2681 1600 2807 1690 ἔφη
2832 1606 2906 1665 et

556 1704 758 1793 εἶπεν,
807 1710 992 1797 apud
1043 1708 1320 1775 Atticos
1368 1707 1581 1774 etiam
1632 1710 1937 1774 formula
2001 1697 2125 1796 ἧδ’
2158 1702 2245 1791 ὅς,
2308 1708 2609 1794 denique
2661 1729 2903 1773 omnes

555 1814 824 1881 formae
918 1839 959 1882 a
1045 1815 1397 1883 radicibus
1474 1817 1620 1901 Zey-
1710 1827 1783 1880 et
1864 1840 1997 1903 φα-
2092 1815 2485 1883 derivatae:
2594 1814 2905 1881 Romani

554 1944 723 1988 vero
771 1922 1016 2009 primis
1063 1922 1344 2009 quidem
1391 1921 1822 2009 temporibus
1872 1960 1950 1973 —-
2004 1921 2359 1989 Ciceronis
2405 1921 2561 1989 dico
2618 1960 2703 1969 ——
2750 1919 2899 1987 solo

559 2028 870 2116 „inquit“
920 2034 1310 2113 utuntur1),
1360 2029 1447 2095 ad
1497 2051 1710 2117 quam
1757 2051 2003 2095 vocem
2053 2029 2323 2095 accedit
2382 2038 2627 2117 postea
2693 2026 2899 2114 „ait“,

554 2142 907 2223 postremo
955 2143 1166 2221 atque
1215 2136 1288 2201 in
1335 2135 1614 2222 vulgari
1663 2157 1980 2201 sermone
2026 2135 2317 2223 verbum
2373 2134 2649 2221 „dicit“.

767 2260 1028 2325 Verum
1075 2266 1314 2327 tamen
1361 2259 1641 2345 singula
1688 2260 1746 2325 si
1794 2259 2141 2346 percurris
2188 2268 2506 2347 tempora
2552 2256 2897 2345 singulos-

556 2388 689 2453 que
736 2364 1130 2453 scriptores,
1179 2365 1459 2452 generis
1489 2366 1767 2433 dicendi
1816 2365 2117 2433 formam
2163 2387 2436 2453 semper
2470 2364 2663 2431 vides
2710 2362 2895 2429 vari-

555 2470 678 2539 ari.
785 2472 970 2539 Nam
1051 2473 1258 2538 modo
1331 2472 1466 2537 hoc
1544 2473 1908 2559 praevalet
1976 2472 2269 2539 verbum
2338 2472 2616 2538 dicendi
2688 2468 2893 2537 modo

553 2578 758 2645 illud:
833 2578 1200 2645 alieniores
1273 2578 1702 2645 inductionis
1770 2579 2112 2645 formulas
2180 2578 2619 2665 frequentius
2689 2600 2895 2658 nunc,

550 2684 774 2751 rarius
835 2708 1021 2751 nunc
1083 2685 1434 2752 adhibitas
1497 2684 1711 2771 vides,
1772 2708 1961 2753 nunc
2024 2694 2266 2775 aperte
2325 2708 2396 2753 se
2458 2684 2896 2773 applicantes

551 2794 638 2859 ad
689 2792 1284 2875 consuetudinem,
1333 2815 1519 2858 nunc
1570 2792 1661 2859 ab
1708 2816 1789 2859 ea
1840 2792 2124 2859 omnino
2175 2792 2456 2859 alienas

765 2917 1061 2983 Accedit
1119 2919 1306 3003 quod
1355 2940 1516 2984 usus
1565 2940 1843 3004 quoque
1892 2917 2263 2983 verborum
2308 2924 2655 2983 mutatur:
2728 2938 2892 2981 nam

551 3023 625 3089 in
649 3024 874 3091 maius
899 3024 1272 3111 praecipue
1299 3032 1599 3110 augetur
1630 3047 1756 3111 per
1786 3024 2223 3091 saeculorum
2256 3025 2561 3111 spatium
2596 3044 2897 3109 semper-

549 3153 686 3217 que
733 3130 986 3196 crescit
1031 3153 1216 3215 usus,
1276 3154 1416 3216 quo
1478 3130 1552 3197 in
1616 3130 2007 3199 orationem
2068 3131 2542 3218 interponitur
2608 3130 2897 3196 verbum

551 3238 738 3324 quod
800 3236 1024 3325 ipsam
1096 3237 1400 3305 inducit:
1481 3239 1863 3325 eademque
1933 3236 2375 3326 interpositio
2444 3238 2653 3305 modo
2714 3234 2897 3303 hanc

549 3344 758 3411 modo
806 3342 1000 3410 illam
1057 3344 1315 3431 accipit
1361 3344 1685 3411 formam.
1782 3344 2007 3423 Quam
2062 3351 2286 3410 totam
2341 3343 2615 3411 dicendi
2672 3350 2897 3409 muta-

551 3449 838 3535 tionem,
885 3473 1066 3536 quae
1113 3451 1404 3517 liberam
1439 3451 1665 3533 huius,
1716 3450 2028 3515 vinctam
2061 3450 2247 3516 illius
2280 3450 2640 3537 scriptoris
2674 3457 2897 3515 artem

771 3648 820 3711 1)
857 3644 1066 3699 Valuit
1113 3646 1396 3700 nimirum
1450 3647 1513 3699 in
1554 3644 1864 3701 Ciceronis
1921 3662 2256 3700 sermonem
2308 3645 2649 3699 Atticorum
2703 3658 2896 3717 genus

551 3732 805 3788 dicendi.
897 3732 992 3787 Ab
1046 3734 1178 3806 ipso
1218 3736 1379 3789 enim
1417 3734 1610 3789 latino
1667 3752 1943 3789 sermone
2005 3734 2153 3788 haec
2209 3752 2427 3807 magna
2483 3732 2715 3787 dicendi
2759 3731 2898 3785 sim-

549 3822 790 3895 plicitas
829 3822 1027 3877 aliena
1063 3821 1205 3877 fuit.
1277 3822 1414 3879 Hoc
1464 3826 1584 3878 iam
1638 3842 1713 3878 ex
1752 3824 1979 3879 Catone
2030 3832 2294 3895 apparet,
2346 3826 2451 3889 qui
2502 3823 2567 3877 in
2617 3822 2773 3877 libro
2824 3820 2899 3875 de

549 3912 924 3985 agricultura
943 3920 1180 3984 praeter
1201 3911 1456 3983 „dicito“
1475 3931 1524 3967 c.
1551 3916 1670 3975 14o;
1702 3914 1819 3981 142,
1841 3914 1872 3966 2
1894 3912 2261 3967 locutionem
2282 3910 2551 3969 admittit
2576 3913 2697 3981 „sic
2716 3909 2899 3965 verba

549 4002 886 4073 concipito“
926 4018 974 4056 c.
1012 4004 1142 4071 139;
1189 4005 1304 4070 141,
1329 4006 1380 4055 4.
1457 4000 1647 4057 Porro
1694 4002 2031 4056 Salustium
2070 4000 2347 4057 conferas
2398 4001 2651 4057 Catonis
2704 4000 2900 4054 imita·

549 4096 758 4146 torem.
831 4090 1083 4145 Accedit
1138 4090 1300 4158 quod
1351 4092 1416 4145 in
1451 4090 1661 4145 Plauti
1699 4090 2085 4157 Terentiique
2132 4090 2463 4147 comoediis
2516 4090 2898 4145 inductiones

549 4196 910 4251 magnopere
935 4180 1250 4235 variantur
1273 4178 1352 4235 cf.
1379 4179 1511 4233 Ter.
1549 4178 1735 4234 Andr.
1778 4196 1831 4233 v.
1860 4180 1965 4233 285
2007 4179 2320 4251 „incipit“;
2358 4178 2502 4233 ibid.
2528 4196 2583 4233 v.
2612 4180 2678 4233 57
2708 4178 2901 4249 „rogi-

549 4267 819 4338 tabam“;
871 4286 927 4323 v.
955 4270 1025 4324 83
1064 4268 1510 4340 „cogitabam“;
1563 4286 1621 4323 v.
1658 4270 1767 4323 634
1802 4268 2035 4338 „oratio
2072 4271 2226 4336 est“;
2278 4286 2333 4323 v.
2376 4272 2473 4325 111
2516 4267 2829 4338 „dicerst“.
