3200 4959
1523 380 1597 393 ...
1671 340 1761 408 56
1828 378 1913 392 ..-

549 536 713 602 licet
743 538 998 624 longae
1033 536 1500 624 cogitationes
1545 537 1619 602 in
1668 558 2021 603 sermones
2054 536 2361 605 alternos
2394 536 2891 603 dissolvuntur.

552 644 703 721 Quo
769 644 1037 709 factum
1105 652 1230 727 est,
1302 650 1382 709 ut
1439 643 1617 709 nulli
1686 642 1761 708 in
1830 642 1938 709 his
2006 642 2307 730 dialogis
2375 642 2592 709 animi
2660 651 2895 711 motus

548 750 954 839 pingantur,
1001 750 1176 817 nulli
1208 751 1578 817 dumtaxat
1608 756 1756 817 tam
1787 766 2039 837 graves
2083 759 2155 815 et
2199 750 2425 835 rudes,
2473 757 2555 816 ut
2598 749 2896 817 indicari

551 862 836 944 possent
895 856 1544 923 exclamationibus,
1640 858 1832 944 Ergo
1895 856 2089 923 locus
2148 878 2291 923 non
2352 864 2553 944 patet
2604 856 2899 923 vocibus

551 963 810 1030 talibus
855 971 937 1029 ut
981 969 1122 1052 βοᾷ,
1185 962 1554 1052 ἐφθέγξατο
1601 962 1715 1029 vel
1772 962 2135 1031 similibus.
2230 965 2449 1030 Porro
2497 963 2897 1030 orationum

553 1077 970 1157 argumenta
1013 1071 1168 1158 ipsa
1216 1070 1466 1157 gravia
1523 1077 1722 1153 sunt3
1790 1070 2061 1136 scilicet
2120 1070 2357 1157 agitur
2414 1092 2690 1159 semper
2748 1070 2899 1136 fere

559 1177 642 1242 de
689 1177 952 1253 talibus
1011 1179 1236 1261 robae,
1299 1199 1478 1263 quae
1526 1176 1616 1243 ad
1661 1176 1887 1265 ipsam
1932 1176 2453 1264 philosophiam
2500 1177 2898 1265 pertinent:

557 1306 695 1371 qua
744 1285 829 1349 de
877 1304 1087 1349 causa
1135 1283 1298 1349 illae
1347 1284 1598 1349 desunt
1642 1306 1871 1368 voces,
1918 1304 2101 1369 quae
2146 1282 2483 1349 orationis
2526 1306 2901 1369 argumen-

557 1398 708 1457 tum
764 1391 1186 1457 describunt.
1279 1390 1505 1457 Voces
1563 1389 1720 1456 dico
1780 1388 2113 1470 ἐπεύξατο,
2174 1387 2495 1457 ἐκέλευσεν
2552 1390 2901 1475 similia.¹)

769 1498 1108 1565 Attamen
1185 1498 1358 1565 haec
1437 1497 1673 1565 omnia
1750 1498 1963 1563 verba
2040 1496 2099 1563 si
2176 1495 2445 1565 omittis
2459 1548 2481 1581 ,
2560 1493 2701 1563 iam
2775 1496 2901 1562 illa

561 1613 954 1693 supersunt,
1027 1626 1205 1693 quae
1273 1604 1667 1672 orationem
1735 1610 2140 1690 sequentem
2208 1626 2368 1671 eum
2438 1604 2903 1691 praecedente

558 1717 974 1803 conectunt:
1036 1712 1273 1799 qualia
1319 1720 1483 1777 sunt
1528 1704 2029 1797 ἄποκρίνεσθαι,
2090 1702 2566 1795 ὑπολαμβάνειν
2624 1710 2901 1779 similia.

557 1818 796 1897 Etiam
844 1818 1018 1885 haec
1065 1818 1280 1885 verba
1321 1818 1528 1885 Plato
1563 1819 1773 1907 plane
1805 1817 2105 1907 respuit:
2155 1817 2349 1885 cuius
2380 1818 2481 1885 rei
2514 1840 2646 1907 ego
2680 1819 2903 1885 solam

561 1926 743 1991 hanc
815 1948 1097 1992 causam
1157 1925 1464 2010 invenio,
1530 1926 1717 2015 quod
1778 1925 2085 1993 studiose
2148 1924 2413 1991 imitari
2477 1924 2632 1991 vult
2693 1926 2903 1992 Plato

559 2054 946 2098 sermonem
1025 2030 1510 2101 cottidianum.
1604 2030 1981 2099 Hominem
2063 2030 2251 2097 enim
2342 2031 2691 2119 plebeium
2782 2032 2906 2099 ubi

561 2137 917 2207 orationes
951 2138 1252 2205 directas
1283 2138 1523 2225 refert,
1571 2138 1719 2205 fere
1766 2136 1931 2225 ipsis
1978 2136 2209 2207 verbis
2242 2136 2517 2205 dicendi
2565 2137 2729 2205 solis
2776 2138 2908 2205 has

562 2244 912 2315 orationes
969 2242 1298 2311 inducere
1367 2244 1656 2311 cottidie
1726 2246 2193 2311 observamus
2287 2246 2567 2311 Paucae
2624 2252 2907 2313 tantum

559 2358 924 2440 praeterea
970 2374 1177 2418 voces
1237 2351 1520 2419 admitti
1577 2351 1825 2419 solent.
1922 2351 2237 2430 Quocum
2298 2351 2645 2435 cohaeret,
2712 2353 2899 2438 quod

557 2458 630 2523 in
679 2457 975 2524 Platone
1022 2466 1303 2545 praeter
1348 2458 1500 2545 ipsa
1549 2457 1763 2523 verba
1819 2457 2093 2523 dicendi
2153 2457 2331 2523 duae
2392 2464 2671 2523 tantum
2718 2457 2903 2525 aliae

557 2588 766 2632 voces
835 2564 1200 2651 leguntur:
1269 2564 1572 2653 primum
1638 2563 2121 2651 interrogandi
2177 2563 2394 2630 verba
2456 2561 2729 2652 ἐρέσθαι
2784 2566 2901 2631 vel

559 2670 819 2758 ἐρωτᾶν,
884 2670 1132 2736 deinde
1179 2672 1471 2737 verbum
1518 2665 1873 2757 ἅρχεσθαιε
1940 2678 2011 2736 et
2070 2670 2556 2759 interrogandi
2618 2670 2903 2759 quidem

557 2778 774 2845 verba
838 2777 1095 2847 nostris
1159 2800 1438 2866 quoque
1501 2776 1929 2866 temporibus
1993 2777 2067 2843 in
2132 2798 2449 2845 sermone
2512 2776 2902 2845 cottidiano

555 2884 834 2973 saepius
881 2890 1325 2972 usurpantur,
1373 2885 1460 2951 de
1506 2884 1718 2951 verbo
1765 2878 2088 2971 ἄρχεσθαι
2132 2906 2321 2968 vere,
2369 2907 2507 2971 qua
2554 2884 2639 2949 de
2687 2907 2901 2953 causa

558 2992 648 3059 ad
695 2993 1060 3078 vulgarem
1105 3013 1494 3057 sermonem
1540 2991 1912 3080 pertineat,
1958 3012 2170 3080 supra
2218 2989 2359 3057 iam
2405 2990 2727 3059 vidimus.

771 3098 961 3185 Ergo
1009 3120 1052 3163 a
1095 3096 1522 3163 sublimitate
1555 3096 1677 3163 illa
1710 3104 1859 3163 arte
1891 3096 2193 3181 exculta,
2242 3120 2453 3183 quam
2482 3095 2556 3162 in
2586 3097 2901 3167 Homero

557 3203 692 3270 hoc
752 3226 973 3290 genus
1043 3202 1320 3271 dicendi
1381 3201 1692 3269 habebat
1754 3225 2102 3291 quamque
2163 3202 2562 3271 Herodotus
2622 3212 2693 3269 et
2752 3204 2901 3295 ipse

557 3310 961 3397 Xenophon
1016 3331 1158 3376 non
1235 3309 1444 3397 plane
1499 3310 1942 3399 respuebant,
2006 3308 2079 3375 in
2135 3307 2501 3377 cottidiani
2563 3312 2903 3379 sermonis

556 3416 916 3503 regionem
947 3415 1154 3482 Plato
1203 3416 1564 3483 descendit
1611 3422 1682 3481 et
1730 3416 1815 3483 ad
1867 3415 2084 3483 finem
2116 3415 2437 3507 perducit
2482 3416 2680 3483 illum
2729 3418 2903 3485 artis

558 3524 945 3607 decursum,
994 3522 1190 3589 cuius
1235 3519 1516 3589 initium
1561 3521 1736 3589 fecit
1778 3520 2199 3589 Herodotum

771 3628 908 3695 Sed
955 3628 1234 3695 aliunde
1279 3649 1556 3717 quoque
1615 3637 1931 3717 apparet,
1992 3636 2341 3719 quatenus
2389 3631 2479 3697 ad
2524 3630 2717 3697 vitae
2763 3654 2901 3698 ser-

565 3757 842 3803 monem
891 3758 963 3801 se
1011 3734 1687 3825 appropinquaverit
1734 3736 1961 3803 Plato.
2046 3735 2267 3803 Addit
2312 3735 2498 3803 enim
2548 3736 2636 3803 ad
2682 3739 2900 3807 verba

557 3844 678 3911 illa
726 3842 1004 3908 dicendi
1049 3843 1250 3909 nobis
1297 3844 1437 3909 iam
1491 3849 1683 3927 nota,
1733 3866 1910 3931 quae
1957 3849 2125 3909 sunt
2182 3838 2381 3923 εἶπεν,
2450 3840 2577 3933 ἔφη
2617 3843 2896 3929 similia,

556 3972 816 4016 novam
877 3949 1186 4035 aliquam
1233 3946 1694 4016 locutionem:
1758 3949 2134 4015 formulam
2184 3946 2339 4016 dico
2390 3938 2461 4039 ἦν
2507 3941 2564 4015 δ’
2611 3948 2737 4037 ἐγώ
2786 3951 2897 4017 vel

558 4046 596 4149 ἦ
641 4048 697 4121 ‹5’
745 4050 832 4134 ες.

625 4183 827 4305 bTbl)
865 4179 1088 4307 Cofntra
1105 4179 1522 4306 &veniuntur
1557 4178 1707 4234 talia
1732 4178 1892 4252 apud
1916 4178 2379 4254 Xenophontem
2406 4181 2469 4235 in
2494 4181 2647 4257 ipsis
2674 4180 2895 4239 Memo-

557 4268 625 4308 ra
667 4270 688 4307 1
713 4270 735 4308 ι
777 4268 868 4321 ue,
907 4268 939 4306 c
974 4291 985 4305 .
1023 4268 1076 4327 p.
1183 4290 1196 4305 .
