3200 4959
1255 336 1693 402 „15-

295 531 841 620 simplicitatem,
891 553 932 596 a
979 529 1184 618 copia
1229 530 1494 597 maiore
1541 530 1631 597 ad
1679 530 1993 618 inopiam
2039 552 2263 619 paene
2310 531 2645 597 lectorem

297 639 658 727 perducat.

511 746 660 811 Nec
705 752 946 811 tamen
991 744 1126 811 hoc
1173 750 1366 809 caret
1411 744 1748 830 gravibus
1794 744 2039 811 causis.
2120 744 2365 811 Valuit
2393 766 2648 832 nempe

298 852 651 941 poeticum
699 872 922 937 genus
969 849 1244 917 dicendi
1305 850 1378 915 in
1428 850 1819 918 orationem
1882 852 2214 935 solutam,
2279 872 2459 937 quae
2520 850 2649 916 ini-

295 958 478 1027 tium
525 958 714 1045 cepit
760 979 800 1022 a
845 956 1322 1043 logographis.
1430 957 1578 1022 Nec
1644 957 1849 1023 aliter
1908 957 2042 1023 nisi
2104 958 2447 1045 paulatim
2510 979 2649 1024 ser-

297 1064 491 1131 moni
525 1063 848 1150 contigit,
897 1070 976 1129 ut
1008 1084 1255 1151 expers
1301 1063 1511 1129 fieret
1540 1064 1861 1151 poeticae
1895 1064 2337 1131 auctoritatis
2381 1064 2649 1131 stilum-

299 1195 433 1261 que
481 1178 1025 1259 consequeretur
1072 1169 1180 1237 sui
1227 1176 1504 1237 tantum
1553 1170 1937 1259 proprium.

511 1296 610 1361 Et
654 1295 841 1361 hunc
903 1316 1370 1383 progressum,
1433 1294 1621 1361 hunc
1682 1296 2021 1363 orationis
2082 1296 2353 1363 solutae
2414 1302 2644 1362 ortum

297 1410 381 1469 ut
426 1402 922 1489 intellegamus
951 1409 1026 1466 et
1057 1407 1246 1467 recte
1277 1422 1667 1489 pensemus,
1718 1404 1807 1467 ad
1838 1401 2221 1490 primordia
2252 1402 2645 1469 litterarum

295 1509 577 1596 regredi
637 1530 810 1597 opus
875 1508 1156 1574 videtur
1215 1528 1344 1573 nec
1407 1515 1667 1575 conatu
1729 1508 2101 1595 iudignum
2170 1516 2277 1575 est
2336 1516 2409 1575 et
2467 1509 2647 1597 epici

299 1624 374 1682 et
417 1614 628 1704 lyrici
674 1623 747 1682 et
791 1613 1049 1701 tragici
1095 1614 1490 1680 litterarum
1551 1614 1827 1701 generis
1884 1630 2275 1682 sermonem
2338 1614 2649 1681 breviter

299 1744 729 1810 percensere.

513 1845 873 1912 Homeri
945 1844 1019 1910 in
1088 1844 1499 1911 inductoriis
1559 1844 1880 1911 formulis
1940 1868 2162 1933 genus
2224 1846 2499 1913 dicendi
2560 1854 2643 1913 ut

301 1961 408 2020 est
454 1952 808 2041 singulare
857 1959 928 2018 et
973 1952 1110 2019 toti
1158 1950 1306 2017 eius
1351 1950 1570 2018 indoli
1618 1953 2249 2037 accommodatum,
2295 1952 2397 2020 ita
2433 1954 2645 2041 longe

299 2059 565 2126 recedit
611 2083 651 2125 a
698 2080 944 2125 norma
991 2080 1273 2124 severae
1322 2056 1811 2145 simplicitatis.

516 2184 740 2263 Quam
803 2182 986 2248 enim
1052 2205 1325 2271 semper
1386 2182 1813 2248 admiramur
1876 2182 1948 2247 in
2008 2206 2090 2249 eo
2151 2184 2417 2271 ingenii
2480 2186 2644 2269 vim,

303 2313 482 2379 quae
530 2288 972 2355 manifestius
1019 2312 1240 2376 paene
1275 2312 1484 2377 quam
1530 2290 1674 2354 ulla
1723 2288 2000 2376 pictura
2045 2290 2361 2358 homines
2400 2315 2645 2380 resque

297 2395 626 2486 explicat,
675 2420 758 2461 ex
807 2394 1233 2461 inductionis
1268 2417 1541 2483 quoque
1573 2394 1893 2462 formulis
1926 2398 2171 2462 elucet.
2266 2398 2411 2464 Nec
2459 2399 2644 2465 enim

297 2503 468 2570 satis
549 2502 763 2569 habet
836 2502 1183 2568 Homerus
1269 2501 1564 2590 simplex
1648 2503 1939 2569 verbum
2008 2502 2283 2569 dicendi
2346 2504 2647 2573 orationi

296 2631 750 2701 praeponere,
812 2609 927 2675 sed
992 2615 1260 2674 certum
1309 2608 1506 2673 illum
1569 2615 1833 2675 statum
1881 2610 2267 2677 describere
2330 2620 2645 2698 conatur,

296 2740 505 2805 quem
553 2714 953 2804 praebetis,
1004 2714 1124 2802 qui
1156 2714 1484 2803 loquitur.
1580 2716 1732 2795 Quo
1766 2714 1875 2801 fit,
1926 2726 2005 2781 ut
2048 2716 2435 2785 locutiones
2468 2721 2646 2785 tales

297 2832 376 2890 ut
423 2827 870 2911 προσέειπεν,
917 2826 1311 2905 μετέειπεν,
1359 2814 1647 2888 ἀντίον
1694 2843 1967 2910 quoque
2031 2818 2181 2911 ηὔδα
2243 2825 2643 2913 saepissime

297 2929 768 3012 inveniantur,
817 2927 1162 2994 rarissime
1199 2950 1366 2994 vero
1415 2928 1714 3016 simplex
1764 2930 2053 2995 verbum
2084 2930 2278 2997 nulla
2312 2931 2644 2999 adiuncta

299 3034 858 3127 praepositione:
917 3033 1120 3123 quale
1180 3034 1460 3122 quidem
1521 3058 1881 3123 nunquam
1932 3036 2003 3101 in
2052 3036 2294 3125 primis
2342 3039 2647 3127 quinque

299 3144 542 3210 Iliadis
589 3141 802 3226 libris,
853 3146 930 3205 ut
979 3140 1084 3206 his
1145 3163 1272 3229 pro
1321 3142 1640 3229 exemplo
1703 3152 1881 3227 utar,
1932 3142 2319 3209 orationem
2379 3146 2648 3213 inducit

301 3251 437 3317 nisi
482 3271 624 3315 uno
673 3249 827 3313 loco
875 3248 940 3313 V
988 3248 1121 3314 600
1181 3286 1254 3295 -—
1323 3248 1679 3314 nonnullis
1727 3255 2006 3314 tantum
2055 3252 2366 3339 exceptis
2414 3253 2645 3320 solilo-

302 3357 510 3445 quiis:
573 3355 663 3421 cf.
731 3354 931 3420 Iliad.
981 3352 1055 3419 II
1101 3354 1227 3421 271
1281 3342 1401 3420 ὦδε
1447 3355 1514 3421 δέ
1556 3380 1657 3433 τις
1703 3354 2089 3423 εἴπεσκεν
2133 3356 2245 3422 ΠΙ
2290 3358 2443 3445 319,
2491 3360 2643 3447 297,

300 3462 404 3529 IV
446 3464 554 3529 81.

513 3586 599 3652 In
677 3585 832 3651 aliis
909 3608 1184 3673 quoque
1263 3586 1582 3653 formulis
1660 3586 1845 3653 idem
1921 3589 2231 3656 studium
2308 3599 2640 3679 apparet;

303 3694 634 3762 describit
678 3692 949 3759 scilicet
995 3694 1342 3759 Homerus
1389 3700 1462 3759 et
1507 3692 1785 3781 appetit
1822 3695 2431 3782 perspicuitatem3
2478 3722 2645 3766 nam

305 3804 710 3887 frequenter
769 3799 844 3863 in
889 3799 1110 3864 Iliade
1158 3809 1230 3864 et
1264 3799 1573 3887 Odyssea
1622 3822 1704 3864 ea
1754 3809 2130 3867 occurrunt
2176 3804 2411 3888 verba,
2460 3827 2641 3892 quae

304 3909 679 3975 clamorem
727 3905 873 3971 sive
907 3926 1152 3971 vocem
1186 3906 1483 3972 oratoris
1515 3906 1919 3972 describunt
1965 3908 2148 3973 sicut
2177 3911 2421 3996 μακρὸν
2450 3906 2647 3981 ἄϋσεν

302 4016 384 4082 ΙΙ.
435 4015 548 4079 ΙΠ
591 4014 714 4095 81;
778 4012 842 4078 V
889 4012 1020 4077 283
1067 4018 1233 4092 etc.;
1297 4010 1586 4080 ἐλίσσετο
1634 4014 1669 4078 I
1718 4016 1801 4079 15
1848 4021 2017 4095 etc.;
2064 4008 2343 4103 ἠρήσατο
2402 4018 2437 4083 Ι
2481 4021 2645 4103 351;

303 4117 521 4205 εὔχετο
565 4120 601 4184 Ι
645 4121 813 4201 450;
862 4112 1360 4201 {resaisvdxovw
1406 4118 1518 4185 III
1569 4120 1730 4201 1543
1780 4114 2045 4207 ᾤμωξεν
2090 4122 2202 4186 ΙΙΙ
2248 4125 2379 4191 364
2425 4132 2555 4191 etc.

518 4246 710 4324 Quae
781 4241 1016 4307 omnia
1086 4244 1300 4308 verba
1371 4264 1530 4308 cum
1610 4244 1887 4331 saepius
1962 4256 2417 4335 usurpentur,
2505 4250 2644 4317 iam
