3200 4959
1512 336 1915 401 ...6-

538 529 685 593 fere
757 550 914 593 cum
997 529 1082 592 ad
1167 527 1640 593 multitudinis
1717 528 2161 615 voluptatem
2232 530 2661 615 compositae
2732 529 2895 613 sint,

535 634 762 723 prima
808 636 920 699 lex
970 634 1068 699 eis
1115 656 1262 699 esse
1311 634 1534 715 debet,
1585 641 1666 700 ut
1711 634 1971 699 saeculi
2014 634 2588 700 consuetudinem
2636 642 2709 701 et
2755 642 2896 700 stu-

538 742 730 807 dium
801 748 966 827 apte
1035 748 1434 827 sequantur.
1527 740 1733 807 Unde
1814 740 2132 806 efficitur
2212 741 2550 807 sermonis
2628 763 2897 808 norma.

539 847 1033 913 Admittuntur
1078 854 1289 933 atque
1346 847 1779 934 praevalent,
1842 870 2022 934 quae
2069 847 2509 913 alacritatem
2556 848 2901 935 praebent

539 953 841 1019 sermoni
900 975 1124 1039 neque
1187 953 1562 1039 prohibent
1623 954 1893 1038 oculos,
1966 954 2334 1041 quominus
2398 954 2537 1021 cito
2600 956 2903 1043 paginas

541 1066 973 1148 percurrant,
1037 1060 1348 1127 evitatur
1408 1082 1574 1127 vero
1638 1060 1863 1126 omnis
1923 1061 2260 1127 sermonis
2321 1061 2639 1145 tarditas,
2703 1063 2901 1127 cuius

543 1167 825 1234 taedeat
867 1166 1220 1249 lectorem,
1267 1166 1586 1253 inprimis
1634 1166 1858 1232 omnis
1907 1164 2234 1232 dictionis
2280 1166 2584 1235 iteratio·

757 1272 935 1352 Quid
987 1295 1154 1360 ergo
1204 1273 1456 1339 mirum
1511 1272 1622 1339 his
1682 1272 2113 1361 temporibus
2172 1273 2305 1339 hoc
2368 1273 2441 1338 in
2500 1274 2895 1341 litterarum

547 1486 900 1575 quandam
965 1485 1338 1552 verborum
1409 1484 1717 1572 figuram
1784 1485 2057 1551 variare
2122 1485 2409 1551 student
2474 1508 2685 1573 quam
2752 1510 2899 1552 ma-

545 1594 780 1659 xime?
873 1592 1260 1659 Plurimum
1325 1592 1595 1658 scilicet
1655 1592 1901 1657 valent
1962 1592 2035 1657 in
2100 1592 2342 1658 fabula
2407 1614 2565 1658 cum
2628 1602 2778 1659 arte
2831 1581 2903 1657 et

548 1722 760 1787 opera
811 1700 1199 1793 composita
1248 1720 1426 1786 quae
1474 1698 1538 1764 ei
1586 1699 1987 1766 inseruntur
2032 1699 2381 1786 colloquia
2421 1707 2491 1765 et
2525 1700 2899 1784 orationeS,

548 1806 1055 1893 quippe'quae,
1127 1828 1265 1893 qua
1315 1806 1551 1872 indole
1598 1806 1742 1872 sint
1787 1828 1967 1894 quae
2016 1812 2243 1892 agunt
2296 1828 2657 1894 personae,
2731 1829 2900 1894 quo-

549 1913 757 1981 modo
805 1912 947 1978 sint
998 1912 1183 1977 inter
1240 1934 1312 1978 se
1360 1912 1800 1996 coniunctae,
1864 1910 2115 1999 quibus
2176 1911 2393 1977 animi
2460 1912 2767 1979 motibus
2833 1920 2904 1978 et

552 2019 810 2106 agendi
857 2018 1084 2085 causis
1131 2028 1694 2106 permoveantur,
1743 2018 2061 2107 inprimis
2106 2018 2238 2083 tibi
2286 2020 2681 2088 ostendant.
2754 2020 2901 2085 Nec

549 2133 789 2191 tamen
850 2146 977 2212 per
1033 2148 1105 2190 se
1166 2124 1318 2213 ipsa
1367 2126 1442 2191 in
1487 2124 1731 2191 fabula
1779 2132 1963 2191 stare
2012 2134 2307 2212 possunt
2354 2125 2735 2211 colloquia:
2785 2126 2903 2191 sed

555 2231 1044 2318 coniungenda
1109 2240 1274 2297 sunt
1341 2254 1497 2297 cum
1562 2232 2002 2316 narratione,
2084 2254 2293 2319 quam
2362 2232 2903 2321 interrumpunt,

555 2336 978 2403 inductionis
1012 2338 1248 2425 aliqua
1281 2337 1607 2403 formula.
1684 2338 1780 2402 Et
1814 2336 1939 2403 has
1973 2338 2163 2424 ipsas
2210 2338 2588 2403 inducendi
2638 2338 2907 2403 formu-

557 2446 658 2509 las
705 2450 1076 2531 tantopere
1124 2445 1405 2510 variant
1450 2444 1675 2509 nostri
1722 2444 2057 2531 temporis
2112 2442 2525 2530 scriptores,
2590 2450 2668 2508 ut
2716 2451 2909 2509 ante-

557 2550 818 2616 cellant
864 2550 937 2615 in
984 2551 1117 2616 hac
1165 2572 1238 2617 re
1288 2549 1613 2616 omnibus
1660 2548 1779 2633 eis,
1830 2550 1949 2637 qui
1999 2548 2533 2615 antecedebant.

768 2656 924 2722 Hoc
999 2663 1076 2721 ut
1139 2656 1378 2744 paucis
1438 2654 1639 2721 lineis
1717 2655 2121 2721 adumbrem
2183 2662 2255 2719 et
2316 2654 2621 2721 breviter
2680 2664 2909 2722 osten-

557 2764 742 2847 dam,
792 2762 1178 2829 cuiusmodi
1237 2761 1470 2828 verbis
1519 2770 1811 2828 utantur
1866 2760 2238 2848 scriptores
2289 2760 2630 2847 hodierni,
2679 2772 2761 2828 ut
2806 2762 2911 2829 illi

557 2869 996 2935 satisfaciant
1028 2868 1294 2953 officio,
1342 2868 1513 2934 duas
1559 2868 1837 2934 fabulas
1884 2890 1970 2933 ex
2019 2866 2221 2955 copia
2252 2866 2642 2933 litterarum
2678 2890 2905 2933 sumo:

559 2976 644 3041 Gr.
707 2977 792 3041 de
855 2976 1202 3063 Ompteda
1266 2974 1438 3061 „Die
1487 2975 1764 3040 Sfinde“
1830 2983 1901 3039 et
1961 2974 2053 3040 M.
2116 2976 2202 3040 de
2262 2974 2652 3041 Eschthrut
2717 2974 2911 3057 „Erl—

559 3082 918 3168 konigin“,
984 3080 1198 3166 illam,
1266 3089 1345 3149 ut
1409 3082 1766 3169 proferam
1832 3104 1915 3146 ea
1980 3081 2195 3147 verba
2258 3103 2436 3169 quae
2502 3102 2628 3167 per
2674 3102 2912 3146 omnes

561 3190 710 3255 fere
759 3188 905 3255 eius
937 3188 1214 3276 generis
1246 3188 1529 3255 fabulas
1560 3190 2121 3276 frequentantur,
2158 3190 2361 3273 hanc,
2411 3196 2490 3254 ut
2524 3188 2908 3273 ostendam,

561 3319 732 3384 quos
801 3294 1014 3362 flores
1078 3296 1303 3383 egerit
1368 3295 1647 3384 ineptos
1714 3304 1926 3383 atque
1996 3297 2335 3365 absurdos
2402 3296 2769 3361 varietatis
2836 3296 2908 3361 in

560 3425 907 3469 summum
953 3410 1161 3468 aucta
1210 3401 1637 3489 cupiditas.¹)

774 3508 859 3573 In
913 3509 1300 3597 Omptedae
1357 3508 1600 3574 fabula
1665 3510 2016 3577 orationes
2079 3532 2502 3597 quamquam
2551 3510 2910 3573 cumulan-

561 3622 696 3697 tur,
743 3614 866 3679 vix
911 3621 1150 3679 tamen
1197 3612 1513 3680 invenies
1575 3636 1702 3702 per
1761 3614 1933 3681 duas
1993 3614 2106 3680 vel
2168 3622 2309 3681 tres
2370 3614 2668 3701 paginas
2726 3613 2911 3679 idem

561 3720 853 3786 verbum
878 3720 1153 3785 dicendi
1177 3720 1529 3787 iteratum.
1594 3721 1806 3787 Nulla
1835 3744 1976 3786 vox
2008 3727 2267 3807 regnat
2292 3728 2503 3807 atque
2528 3718 2908 3808 praevalet.

563 3831 669 3895 Ne
728 3826 898 3892 illud
950 3826 1228 3914 quidem
1279 3831 1608 3913 „sagen“,
1675 3828 1861 3914 quod
1922 3826 2239 3913 inprimis
2286 3826 2374 3891 ad
2433 3826 2908 3892 inductionem

565 3941 808 4023 aptum
856 3942 1081 4022 puteS,
1130 3933 1353 3999 multo
1401 3934 1680 4020 saepius
1728 3932 2103 3999 adhibetur
2134 3954 2343 4020 quam
2388 3954 2595 3999 voces
2644 3932 2911 4017 „rufen,

783 4078 834 4143 1)
871 4074 948 4129 cf.
995 4091 1147 4141 quae
1197 4073 1271 4129 de
1321 4074 1435 4128 hac
1491 4090 1554 4128 re
1609 4072 1797 4127 affert
1847 4072 2121 4145 exempla
2170 4074 2449 4129 Brunner
2494 4076 2558 4129 in
2617 4090 2913 4128 commen-

563 4164 802 4233 tam-1010,
871 4166 969 4219 cui
1024 4164 1340 4235 inscripsit
1407 4160 1595 4233 „Vom
1648 4160 2157 4237 Romandialog“:
2220 4162 2688 4219 Litterarisches
2745 4162 2911 4219 Echo

565 4252 677 4325 111,
717 4254 802 4309 24.
