3200 4959
1493 300 1891 369 „30-

521 500 790 579 scilicet
821 520 1032 586 quam
1064 498 1246 586 quod
1281 498 1703 586 posteriores
1748 522 1919 587 prae
1964 522 2037 566 se
2086 500 2359 580 ferunt3
2408 500 2591 567 idem
2640 509 2879 569 tamen

520 629 905 695 propensus
975 607 1113 672 iam
1175 606 1314 671 fuit
1377 606 1466 671 ad
1537 606 1832 671 atticum
1903 629 2124 693 genus
2193 607 2487 674 dicendi.
2582 610 2879 675 Recenti

519 722 592 779 et
659 736 845 779 novo
917 708 1222 801 quodam
1293 718 1546 778 ornatu
1616 712 1974 779 inducitur
2042 714 2190 779 eius
2258 736 2519 781 sermo:
2612 716 2877 803 primus

517 821 702 886 enim
729 820 1129 887 Herodotus
1162 819 1461 906 interp
1481 840 1584 883 on
1606 841 1743 884 ere
1780 818 2013 907 coepit
2041 819 2474 887 induci-‚orias
2506 822 2867 887 formulas,

517 928 710 1006 Quae
757 925 1218 1013 interpositio,
1265 932 1347 990 ut
1391 924 1679 993 liberior
1708 932 1837 1009 est,
1882 925 1985 991 ita
2017 926 2481 993 mobilitatem
2517 930 2871 1015 quandam

515 1033 818 1101 sermoni
865 1032 1285 1120 adspergere
1333 1032 1631 1097 videtur.

729 1176 879 1241 Iam
957 1196 1122 1240 vero
1202 1174 1625 1240 excolendae
1706 1172 1866 1239 huic
1962 1175 2451 1242 consuetudini
2526 1178 2875 1244 maximus

517 1284 702 1371 apud
751 1281 1106 1371 prosaicos
1155 1281 1274 1368 qui
1321 1289 1695 1368 supersunt
1743 1303 2032 1369 campus
2080 1284 2389 1370 patebat.

727 1426 824 1489 Et
869 1424 1184 1513 sequitur
1228 1423 1531 1511 primum
1579 1423 2087 1490 Atticorum
2138 1426 2362 1491 oratio
2410 1426 2658 1494 soluta.

728 1551 920 1629 Quae
967 1548 1155 1616 enim
1202 1549 1386 1636 apu'd
1419 1549 1863 1617 Herodotum
1906 1558 2169 1617 novata
2203 1549 2523 1634 vidimus,
2572 1551 2869 1639 primor-

513 1658 630 1725 dia
677 1657 850 1723 haec
899 1655 1136 1721 omnia
1183 1664 1348 1723 sunt
1391 1655 1538 1723 stili
1585 1656 1811 1742 magis
1842 1656 2105 1723 exculti
2136 1657 2303 1741 siue,
2338 1658 2456 1745 qui
2489 1658 2868 1745 plurimum

511 1762 958 1831 auctoritatis
1024 1769 1269 1849 postea
1338 1762 1618 1827 demum
1690 1776 2103 1832 consecutus
2178 1772 2319 1829 est:
2391 1764 2529 1831 illis
2598 1764 2869 1831 scilicet

509 1869 976 1958 temporibus,
1049 1867 1298 1957 quibus
1362 1868 1587 1941 oratio
1668 1889 1943 1955 quoque
1991 1869 2254 1953 soluta,
2326 1881 2408 1935 ut
2468 1880 2679 1937 antea
2728 1871 2865 1937 iam

511 1977 758 2067 poesiS,
807 1977 894 2041 ab
940 1976 1150 2043 Asiae
1201 1975 1340 2041 oris
1386 1982 1457 2039 et
1503 1996 1804 2061 magnae
1854 1974 2189 2041 Graeciae
2236 1976 2524 2043 urbibus
2573 1978 2661 2045 ad
2708 2000 2861 2043 eam

510 2084 832 2173 pervenit
877 2083 1142 2166 urbem,
1190 2104 1370 2169 quae
1416 2081 1488 2145 in
1522 2080 1803 2147 saecula
1833 2083 2155 2169 proxima
2202 2091 2274 2148 et
2321 2082 2393 2147 in
2443 2104 2646 2151 omne
2684 2084 2861 2150 adeo

512 2200 788 2279 tempus
835 2212 1076 2257 omnes
1123 2195 1308 2255 artes
1355 2188 1552 2270 aluit,
1604 2188 1931 2272 excoluit,
1980 2189 2411 2258 informavit.

723 2315 976 2402 Itaque
1025 2313 1112 2378 ad
1159 2334 1458 2399 magnos
1505 2312 1765 2379 atticae
1813 2312 2158 2379 orationis
2186 2315 2455 2380 solutae
2488 2314 2863 2403 scriptores

509 2444 868 2512 pervenio.

721 2564 944 2630 Paulo
1014 2580 1174 2651 post
1235 2562 1578 2629 Herodoti
1638 2582 1724 2629 ex
1786 2563 1937 2628 vita
2000 2584 2357 2629 excessum
2422 2586 2597 2652 opus
2659 2585 2858 2631 suum

507 2674 806 2740 scribere
857 2670 1090 2759 coepit
1135 2668 1722 2758 Thucydides,
1817 2668 2125 2735 Parvum
2185 2677 2461 2735 tantum
2523 2671 2860 2759 temporis

507 2782 812 2870 spatium
861 2776 1043 2843 inter
1089 2778 1216 2843 hos
1263 2778 1639 2865 scriptores
1686 2778 2097 2843 intercessit.
2192 2776 2289 2841 Et
2334 2776 2402 2843 in
2456 2776 2587 2843 hac
2634 2800 2707 2844 re
2740 2800 2860 2842 ne·

507 2910 639 2976 que
687 2886 918 2953 minus
965 2884 1038 2949 in
1083 2884 1225 2967 illa,
1275 2884 1460 2971 quod
1505 2904 1665 2950 raro
1715 2892 1991 2949 tantum
2042 2884 2393 2950 orationes
2441 2884 2739 2951 directas
2775 2922 2853 2935 -—

506 2997 751 3062 breves
797 2990 1170 3080 praecipue
1216 3030 1305 3039 --
1351 2985 1594 3055 inserit
1644 2990 2052 3074 narrationi,
2120 3001 2304 3057 certe
2362 2999 2467 3056 est
2530 2992 2857 3080 positum,

505 3102 691 3190 quod
739 3098 1182 3187 Thucydides
1213 3098 1524 3163 nondum
1557 3096 1978 3185 peculiarem
2016 3096 2219 3169 illum,
2244 3097 2517 3163 dicendi
2552 3098 2857 3165 colorem

505 3209 726 3293 novit,
778 3206 897 3295 qui
943 3205 1263 3293 inprimis
1293 3204 1581 3291 linguae
1617 3203 1873 3269 atticae
1921 3205 2243 3291 proprius
2291 3213 2362 3269 et
2395 3204 2601 3292 plane
2634 3225 2857 3270 novus

507 3314 838 3381 dicendus
885 3322 1010 3379 est.

719 3458 1053 3523 Attamen
1103 3455 1340 3543 dispar
1401 3461 1507 3521 est
1567 3453 1801 3543 aliquo
1863 3455 2073 3521 modo
2137 3454 2571 3544 Thucydidis
2632 3478 2854 3542 genus

505 3565 784 3633 dicendi
844 3561 1146 3629 sermoni
1209 3560 1570 3625 Herodoti.
1668 3561 1761 3625 Et
1826 3560 1957 3627 hac
2016 3561 2167 3651 ipsa
2225 3584 2321 3647 re,
2386 3586 2523 3651 qua
2586 3564 2673 3629 ab
2734 3563 2853 3629 illo

505 3674 771 3757 differt,
837 3670 924 3735 ad
987 3668 1386 3734 Atticorum
1447 3667 2021 3734 consuetudinem
2068 3708 2155 3716 ——-
2202 3668 2511 3737 maxima
2574 3670 2853 3758 quidem

505 3804 590 3847 ex
649 3786 849 3869 parte
913 3816 994 3825 —
1059 3774 1689 3865 appropinquatur.
1784 3776 2027 3863 Neque
2074 3784 2311 3841 tamen
2359 3776 2433 3841 in
2481 3777 2851 3843 verborum

504 3884 996 3954 collocatione:
1069 3906 1232 3948 nam
1263 3890 1651 3969 ‘superatur
1697 3882 1771 3945 in
1818 3882 1948 3946 hac
1998 3904 2071 3946 re
2120 3882 2209 3947 ab
2270 3882 2421 3970 ipso
2470 3884 2849 3967 Herodoto,

501 4018 660 4061 cum
709 3993 901 4059 nullo
951 3991 1103 4055 loco
1151 3988 1598 4075 Thucydides
1649 3987 1980 4054 admittat
2026 3988 2461 4055 inductoriae
2508 3990 2851 4057 formulae

503 4098 1128 4188 interpositionem.
1221 4094 1370 4161 Nec
1422 4094 1492 4158 in
1541 4093 1663 4158 illa
1712 4117 1805 4177 re,
1865 4094 2048 4181 quod
2098 4096 2323 4182 magis
2371 4120 2577 4185 quam
2627 4097 2729 4164 illi
2778 4099 2850 4164 in

505 4210 872 4277 verborum
920 4204 1192 4269 delectu
1241 4200 1654 4287 simplicitas
1702 4201 1815 4264 lex
1877 4199 1939 4266 ei
2001 4202 2215 4267 fuerit
2258 4224 2615 4291 suprema:
2688 4228 2850 4271 nam
