3200 4959
1259 328 1660 397 ...65-

297 547 444 592 mus
492 548 580 591 ex
624 525 734 592 his
780 525 1216 613 fragmentis,
1263 526 1576 592 nondum
1638 524 1837 591 attici
1892 524 2231 592 sermonis
2294 524 2630 592 terminos

295 633 586 701 excedit.
679 634 982 700 Eosdem
1031 654 1202 699 vero
1249 633 1586 699 terminos
1630 640 1887 725 servat⁸
1915 632 2131 699 etiam
2176 634 2627 721 Polybius.

505 742 845 807 Attamen
909 760 1134 829 pauca
1197 746 1477 807 tantum
1542 738 1885 827 Polybius
1946 740 2253 824 exhibet,
2307 722 2495 827 ‘quae
2543 742 2631 807 ad

295 854 606 915 nostram
652 846 1132 934 quaestionem
1179 846 1570 935 pertinent3
1633 846 1861 912 minus
1922 846 2108 913 enim
2156 868 2366 934 quam
2411 848 2633 915 Hero·-

294 954 456 1023 doto
505 959 720 1043 atque
767 952 1162 1043 Thucydidi
1225 954 1300 1019 id
1345 952 1646 1042 Polybio
1694 974 1905 1019 curae
1970 961 2093 1038 est,
2160 960 2241 1019 ut
2303 976 2632 1042 persona-

293 1084 463 1149 m,
515 1062 600 1127 de
645 1061 900 1151 quibus
948 1060 1120 1149 agit,
1183 1059 1494 1129 indolem
1557 1060 1930 1145 describat,
1994 1084 2123 1127 nec
2183 1068 2333 1127 tam
2390 1061 2631 1129 rhetor

295 1168 630 1257 Polybius
677 1168 817 1237 fuit
863 1190 1075 1257 quam
1121 1168 1483 1257 aequales:
1546 1189 1688 1257 quo
1733 1167 2003 1235 factum
2051 1174 2176 1253 est,
2237 1175 2318 1235 ut
2362 1191 2631 1257 paucae

293 1282 568 1345 tantum
615 1275 969 1343 orationes
1013 1274 1409 1343 narrationi
1453 1274 1760 1341 insertae
1808 1272 1966 1343 sint.

505 1382 654 1448 Nec
725 1382 894 1472 quid
960 1382 1132 1449 novi
1210 1403 1295 1446 ex
1364 1379 1665 1469 Polybio
1745 1381 2093 1447 discimus.
2209 1382 2631 1469 Plerumque

295 1490 476 1555 enim
523 1490 814 1557 verbum
863 1488 988 1579 ἔφη
1033 1488 1148 1555 hic
1195 1488 1496 1579 scriptor
1541 1486 1759 1555 habet
1804 1526 1890 1539 --
1937 1488 2107 1555 5¹‘ms
2139 1528 2225 1539 -—
2266 1512 2445 1579 quae
2491 1512 2630 1555 vox

295 1605 658 1686 separatur
725 1618 998 1684 semper
1066 1596 1155 1662 ab
1225 1595 1530 1662 eiusdem
1593 1595 1983 1662 sententiae
2060 1596 2306 1662 ceteris
2364 1597 2630 1681 verbis;

295 1704 562 1772 duobus
621 1701 873 1769 deinde
933 1700 1104 1769 locis
1161 1724 1410 1769 vocem
1471 1698 1653 1769 εἶπεν
1710 1700 2057 1788 admittit,
2126 1726 2303 1793 quae
2362 1726 2635 1794 semper

294 1810 750 1901 praeponitur
781 1808 1082 1876 orationi
1113 1850 1200 1859 —
1229 1810 1268 1875 Ι
1297 1808 1420 1891 80;
1469 1808 1543 1873 H
1588 1809 1635 1875 8
1665 1832 1784 1891 —3
1820 1810 2164 1876 accedunt
2206 1811 2421 1876 verba
2452 1808 2635 1877 εἶπεν

291 1918 404 1983 ΠΙ
449 1918 557 2003 85,
581 1917 628 1983 8
645 1941 659 2001 ;
721 1918 892 2004 λέγει
938 1916 1051 1983 ΠΙ
1097 1916 1205 2001 25,
1233 1918 1311 1999 7;
1375 1914 1682 2005 ἐπειρᾶτο
1724 1918 2116 2005 παρακαλεῖν
2160 1919 2270 1983 καὶ
2316 1916 2635 1983 διδάσκειν

289 2024 396 2093 IV
441 2026 649 2111 22²9?
698 2035 1018 2112 προσεῖπε
1055 2022 1158 2090 ΠΤ
1203 2024 1309 2109 95,
1335 2024 1396 2091 2.

505 2149 620 2215 Sic
691 2148 974 2235 Polybii
1048 2170 1274 2217 sermo
1351 2147 1853 2237 Xenophontei
1924 2149 2295 2233 sermonis,
2366 2149 2634 2217 scilicet

291 2255 641 2341 historici,
725 2255 1032 2321 maxime
1105 2253 1350 2321 similis
1420 2254 1732 2339 videtur,
1802 2253 1938 2319 nisi
2009 2256 2196 2341 quod
2265 2278 2347 2321 ea
2414 2256 2633 2323 verba

290 2362 503 2451 paulo
549 2362 776 2451 magis
828 2360 1169 2449 Polybius
1217 2368 1427 2446 amat,
1477 2384 1655 2448 quae
1701 2361 1981 2449 longius
2011 2370 2283 2429 remota
2330 2372 2494 2431 sunt
2542 2364 2629 2430 ab

290 2470 458 2560 ipsis
504 2468 736 2535 verbis
784 2467 1082 2535 dicendi.

505 2576 699 2663 Ergo
746 2574 1064 2643 variatur
1108 2575 1336 2641 denuo
1385 2575 1757 2642 verborum
1805 2574 2133 2643 delectus.
2212 2578 2369 2643 Hoc
2415 2578 2631 2643 etiam

292 2682 521 2773 magis
567 2682 658 2749 fit
705 2683 892 2771 apud
939 2682 1379 2771 posteriores.

505 2788 662 2856 Cito
695 2811 1180 2879 percurramus
1205 2790 1600 2877 proximum
1628 2797 1922 2877 tempus,
1998 2790 2063 2856 N
2066 2814 2143 2855 ec
2168 2790 2360 2879 prius
2386 2792 2633 2879 pedem

291 2897 461 2967 sisto
496 2920 707 2987 quam
739 2895 838 2962 eis
869 2896 1320 2984 temporibus,
1355 2896 1607 2986 quibus
1640 2896 1767 2963 sub
1816 2896 1963 2963 divi
1994 2896 2302 2985 Augusti
2335 2898 2629 2987 imperio

294 3004 619 3072 historias
665 3003 942 3093 scripsit
988 3003 1356 3088 Diodorus,
1408 3002 1787 3091 Dionysius
1835 3026 2000 3070 vero
2050 3004 2631 3071 Halicarnasseus

294 3111 860 3199 archaeologiam
911 3132 1120 3197 quam
1153 3109 1445 3177 dicimus
1489 3132 1873 3177 romanam.
1952 3110 2089 3177 Hic
2121 3134 2382 3178 novum
2432 3134 2632 3178 orna-

293 3226 444 3287 tum
489 3218 752 3307 accipit
782 3240 1040 3285 sermo:
1089 3240 1254 3285 nam
1301 3215 1576 3283 misceri
1606 3217 1957 3306 incipiunt
1988 3218 2292 3305 plurium
2327 3219 2632 3285 fontium

296 3323 772 3393 auctoritates.
891 3324 987 3388 Et
1061 3346 1398 3411 magnum
1477 3323 1755 3411 quidem
1832 3324 2201 3391 verborum
2285 3326 2632 3393 delectum

293 3432 676 3521 Dionysius
723 3431 944 3516 novit,
993 3431 1203 3519 paulo
1251 3432 1594 3497 minorem
1643 3430 2010 3499 Diodorus.

291 3576 505 3631 semel:
546 3591 699 3643 quae
737 3574 870 3646 ipsa
905 3572 1286 3645 interpositio
1323 3572 1636 3627 rarissime
1672 3578 1910 3629 tantum
1971 3576 2035 3629 in
2073 3574 2311 3647 vulgari
2358 3592 2633 3631 sermone

291 3666 532 3739 legitur,
572 3679 747 3732 quem
785 3660 1075 3717 exhibent
1112 3660 1528 3733 Septuaginta,
1564 3662 1807 3717 Novum
1846 3662 2315 3735 Testamentum,
2355 3666 2631 3736 Herma&

293 3751 944 3811 Pseudocallisthenes.

508 3841 724 3909 Itaque
757 3842 1022 3897 mixtum
1057 3838 1302 3911 praebet
1335 3838 1510 3893 'Deles
1547 3855 1743 3911 genus
1778 3838 2024 3907 aliquod
2063 3840 2316 3912 dicendi,
2355 3844 2631 3911 idemque

293 3949 494 3991 sermo
543 3930 742 3989 audax
791 3928 1064 3998 videtur,
1119 3928 1263 3999 quia
1315 3927 1500 3983 etiam
1551 3928 1759 3985 versui
1814 3928 2106 3985 inseritur
2160 3930 2412 3987 verbum
2468 3938 2633 4007 φησίν

293 4040 351 4095 p.
388 4024 476 4091 33,
495 4022 559 4075 4:
616 4036 734 4087 quo
784 4018 915 4075 loco
965 4016 1170 4073 verbis
1223 4018 1469 4073 metrice
1521 4016 1763 4089 scriptis
1822 4016 2122 4074 antecedit
2173 4020 2383 4074 statim
2439 4024 2633 4077 oratio

294 4110 516 4169 soluta.
587 4108 768 4164 Hunc
807 4106 1010 4179 ipsum
1046 4123 1228 4161 usum
1265 4106 1487 4180 quippe
1521 4105 1781 4161 liberum
1823 4112 2066 4177 postero
2100 4110 2355 4179 tempori
2396 4142 2462 4150 —
2504 4113 2633 4168 scil.

293 4198 680 4273 epitomatori
719 4228 785 4237 -
823 4194 1045 4251 tribuo,
1111 4194 1338 4250 Contra
1373 4194 1448 4249 ad
1478 4194 1649 4267 prius
1700 4200 1938 4266 tempus
1988 4194 2249 4268 respicit,
2305 4202 2463 4267 quod
2514 4222 2634 4260 non

291 4290 764 4361 interponuntur
817 4286 997 4341 εἰπεῖν
1047 4301 1100 4356 Ρ.
1142 4286 1227 4353 35,
1270 4286 1366 4353 113
1419 4279 1673 4345 εἰπόντος
1708 4300 1763 4355 p.
1806 4282 1887 4353 12,
1926 4285 1991 4352 ῦς
2040 4287 2299 4358 λέγοντος
2334 4308 2389 4363 p.
2426 4296 2511 4365 21,
2555 4299 2633 4350 12.
