3200 4959
1282 352 1687 417 ...23-

289 549 524 615 facile
573 549 946 615 invenitur.
1027 548 1392 637 Temporis
1439 548 1842 636 imperfecti
1888 549 2151 615 formes
2199 549 2375 617 dico.
2458 552 2657 631 Quod

291 656 807 744 imperfectum
857 679 1014 722 cum
1079 656 1430 722 actionem
1494 656 1816 743 inprimis
1876 655 2143 722 indicet
2198 680 2327 745 per
2386 658 2663 745 longius

297 763 625 851 spatium
675 764 1010 851 temporis
1055 764 1490 851 perductam,
1539 784 1657 830 eos
1704 762 1917 828 facile
1964 772 2268 852 occupet
2314 764 2524 851 locos,
2586 766 2661 831 in

293 870 566 958 quibus
614 870 725 935 vel
769 870 985 955 longa
1033 877 1104 935 et
1150 868 1388 956 gravis
1433 869 1793 935 inducitur
1838 868 2064 949 oratio
2114 869 2227 935 vel
2272 894 2314 935 a
2346 871 2679 959 pluribus-

292 977 794 1065 pronuntiata.
821 982 870 1061 ¹)
2268 967 2288 987 ⁰

527 1102 675 1167 Nec
722 1108 960 1167 tamen
1007 1122 1246 1167 severe
1292 1101 1552 1189 ubique
1602 1100 1977 1167 observata
2025 1108 2131 1167 est
2178 1101 2350 1168 haee
2409 1102 2661 1191 imper-

295 1208 489 1274 fecti
554 1206 762 1293 ἔλεγεν
821 1209 908 1273 ab
971 1207 1230 1275 aoristo
1291 1205 1538 1293 ein-w)
1604 1207 1995 1290 distincti03
2058 1216 2132 1274 et
2192 1209 2447 1275 adsunt
2504 1210 2661 1275 sub-

297 1314 566 1381 tilioris
587 1314 731 1380 stili
755 1316 1166 1403 primordia3
1194 1322 1570 1403 usurpatur
1591 1314 1775 1379 enim
1796 1313 2092 1401 pluralis
2117 1312 2331 1401 ἔλεγον
2357 1317 2437 1381 12
2452 1316 2552 1359 '⁶¹¹⁸
2574 1357 2659 1365 ——

294 1430 562 1489 contra
609 1420 683 1487 in
731 1444 1000 1489 summe,
1049 1422 1538 1509 imperfectum
1599 1420 1829 1505 (ἰδίω,
1890 1421 2183 1509 pluralis
2248 1445 2409 1489 vero
2473 1419 2661 1489 εἶπον
2704 1410 2711 1417 ’

302 1528 523 1595 15¹e⁰⁸
557 1568 644 1579 --
681 1528 752 1593 in
801 1550 1074 1595 summa
1109 1529 1408 1595 eoristus
1437 1528 1669 1595 85¹²¹¹⁵.
1764 1528 1899 1595 Sed
1947 1528 2081 1595 hoc
2130 1551 2295 1595 casu
2344 1529 2657 1597 accidere

297 1635 570 1724 potuit.
667 1632 970 1720 Gravius
1019 1636 1336 1719 alterum,
1386 1636 1570 1723 quod
1618 1635 1851 1721 longis
1898 1635 2275 1724 praecipue
2324 1636 2656 1703 orationi-

301 1744 442 1809 bus
494 1742 828 1831 anteponi
877 1743 1128 1831 incipit
1172 1742 1685 1831 imperfectum.
1766 1742 2205 1830 Quamquam
2242 1756 2660 1831 separamur

298 1850 448 1915 hac
522 1848 594 1915 in
662 1872 737 1915 re
801 1850 1008 1937 primi
1069 1858 1280 1937 atque
1343 1849 1680 1937 postremi
1748 1848 1929 1915 libri.
2022 1849 2107 1913 In
2174 1849 2401 1939 primo
2472 1850 2657 1917 enim

301 1956 661 2023 Herodoti
705 1956 887 2022 libro
935 1980 1080 2021 non
1109 1957 1320 2023 modo
1352 1955 1812 2044 permiscetur
1858 1954 2257 2043 imperfecti
2301 1964 2374 2021 et
2418 1956 2659 2023 aoristi

303 2086 502 2147 usne,
551 2066 669 2131 sed
719 2070 790 2129 et
835 2064 1243 2151 plerumque
1307 2070 1470 2129 ante
1533 2062 1779 2129 breves
1842 2062 2195 2130 orationes
2254 2084 2393 2129 vox
2455 2062 2662 2149 ἔλεγεν

304 2170 692 2237 adhibetur
710 2174 760 2253 ³)
809 2180 881 2235 et
927 2194 1066 2237 uno
1131 2170 1409 2256 quidem
1468 2171 1624 2235 loco
1674 2168 1710 2232 Ι
1754 2171 1842 2236 36
1902 2175 2069 2235 ante
2134 2169 2461 2256 colloquii
2524 2194 2660 2237 ser-

305 2300 620 2343 monem.
715 2277 846 2356 Qui
895 2298 1174 2365 prorsus
1221 2276 1651 2365 exstirpatur
1698 2298 1859 2343 usus
1906 2276 1979 2341 in
2029 2276 2276 2343 ceteris
2319 2276 2537 2361 libris,
2584 2278 2659 2343 in

500 2459 549 2519 l)
587 2454 956 2509 Huiusmodi
997 2456 1300 2509 orationes
1360 2454 1637 2525 inprimis
1696 2454 1999 2526 longiores
2056 2470 2125 2508 eo
2176 2456 2378 2509 minus
2431 2455 2659 2509 inveni-

193 2560 198 2563 ·
298 2552 516 2611 untur,
576 2561 694 2610 quo
732 2544 926 2616 magis
976 2543 1165 2598 vitam
1219 2559 1674 2611 sermonemque
1722 2542 2121 2598 cottidianum
2172 2542 2269 2597 vel
2318 2544 2659 2599 naturalem

298 2638 546 2705 spectat
595 2634 869 2704 scriptor.
945 2632 1102 2687 Nam
1163 2632 1327 2687 vitae
1371 2632 1619 2687 veritati
1670 2632 2007 2687 contrariae
2056 2638 2229 2700 sunt,
2298 2633 2439 2699 quia
2502 2648 2659 2687 nun-

297 2738 494 2789 quam
549 2722 752 2794 plures
803 2722 988 2777 simul
1025 2738 1130 2791 per
1177 2722 1422 2794 longius
1475 2724 1713 2793 tempus
1764 2721 2111 2789 loquuntur.
2184 2720 2346 2793 Ergo
2402 2722 2657 2777 evitabit

299 2828 412 2867 eas
455 2812 874 2879 unusquisque
925 2810 1275 2883 diligentior
1327 2812 1601 2883 scriptor,
1654 2812 1756 2878 qui
1810 2811 1975 2865 vitae
2024 2827 2204 2865 usum
2255 2811 2507 2882 respicIt
2554 2810 2654 2880 (cf.

299 2900 790 2975 Xenophontem,
822 2899 1156 2968 Platonem,
1180 2900 1458 2971 inprimis
1486 2899 1804 2967 Tacitum).
1870 2898 2135 2953 Tolerari
2163 2906 2371 2953 contra
2398 2908 2657 2971 possunt

301 2988 366 3043 in
411 2986 658 3055 obliqua
697 2989 970 3043 oratione
1007 2988 1307 3060 prolatae:
1362 2986 1511 3043 haec
1563 2989 1723 3041 enim
1762 3004 1883 3041 non
1920 2988 2055 3059 ipsa
2091 2988 2278 3043 verbe
2315 3005 2381 3042 se
2420 2986 2657 3043 tradere

304 3076 566 3132 simulat
605 3074 708 3131 sed
751 3078 956 3147 potius
995 3080 1194 3131 totum
1233 3076 1526 3131 orationis
1566 3081 2009 3148 argumentum.

527 3180 694 3247 Quae
733 3181 852 3237 duo
908 3182 1202 3237 orationis
1253 3198 1474 3253 genera
1511 3214 1582 3223 —-
1630 3183 1825 3237 oratio
1877 3181 2108 3236 directe
2154 3181 2253 3237 vel
2304 3182 2550 3250 obliqua
2589 3216 2653 3223 —

303 3270 608 3339 quomodo
649 3278 757 3325 aut
794 3270 1065 3326 adhibita
1103 3271 1228 3325 sint
1267 3278 1374 3324 aut
1411 3272 1642 3326 evitata
1668 3288 1773 3343 per
1800 3273 2081 3337 antiquas
2107 3271 2344 3326 litteras
2378 3272 2656 3342 persequi

307 3376 528 3431 operae
566 3362 826 3432 pretium
867 3365 976 3414 est.

525 3467 580 3533 2)
619 3465 842 3521 Mirum
880 3466 994 3521 hoc
1031 3468 1296 3538 primum
1351 3466 1605 3537 videtur,
1658 3466 1816 3534 quod
1868 3467 2087 3523 coristi
2137 3468 2325 3527 ἔλεξεν
2374 3484 2527 3522 usus
2576 3468 2653 3523 ab

304 3556 536 3611 eoristo
609 3554 764 3611 εἶπεν
831 3554 1162 3611 abhorrens
1219 3555 1294 3610 ad
1361 3554 1784 3627 imperfectum
1854 3558 2012 3627 ἔλεγε
2081 3556 2329 3628 propius
2393 3556 2655 3611 accedit:

311 3660 550 3716 semper
589 3644 747 3699 enim
785 3644 860 3699 ab
897 3643 1211 3699 Herodoto
1251 3651 1391 3699 ante
1429 3644 1733 3716 longiores
1774 3645 2077 3699 orationes
2123 3654 2452 3717 usurpatur
2503 3645 2651 3705 ἔλεξε

305 3730 403 3787 m
439 3736 536 3800 833
573 3736 672 3801 e5;
716 3734 846 3801 1423
885 3732 968 3787 IV
1008 3734 1108 3801 97;
1147 3730 1198 3783 V
1237 3733 1336 3801 923
1375 3730 1457 3785 VI
1504 3734 1604 3800 863
1649 3736 1773 3799 1303
1814 3730 2053 3800 V1113;
2095 3732 2239 3787 VIII
2270 3736 2399 3801 1013
2439 3733 2527 3789 IX
2554 3736 2654 3801 873

314 3820 462 3875 item
500 3838 681 3893 saepe
719 3822 968 3893 pluralis
1009 3818 1358 3877 exhibetur:
1399 3825 1685 3888 quattuor
1723 3820 1891 3875 locis.
1934 3872 1941 3878 .

521 3931 574 3993 3)
610 3928 920 3999 Incipiunt
955 3928 1118 3982 enim
1155 3929 1216 3982 in
1273 3929 1467 4001 primo
1519 3926 1675 3982 libro
1726 3926 1803 3981 ab
1854 3926 2208 3999 imperfecto
2260 3928 2476 3983 breves
2526 3946 2653 3983 ora-

307 4016 503 4071 tiones
541 4034 591 4072 c.
643 4020 694 4087 8,
738 4020 818 4086 11,
859 4018 942 4087 36,
986 4018 1102 4086 108,
1143 4020 1261 4084 110,
1305 4016 1422 4087 121,
1459 4017 1765 4089 longiores
1804 4034 1852 4071 c.
1911 4018 2025 4085 124,
2078 4016 2199 4085 206,
2252 4016 2386 4085 2123
2442 4022 2653 4072 contra

307 4106 538 4161 aoristo
579 4106 737 4162 εἶπεν
775 4106 988 4160 breves
1028 4107 1331 4162 orationes
1387 4105 1757 4161 inducuntur
1792 4124 1842 4159 c.
1882 4106 1965 4174 32,
2018 4108 2103 4174 85,
2154 4106 2240 4175 86,
2292 4108 2378 4174 88,
2430 4108 2515 4174 90,
2568 4110 2651 4160 91.

307 4194 392 4263 92,
431 4195 549 4265 110,
599 4195 906 4267 longiores
933 4212 980 4249 c.
1010 4198 1058 4261 8,
1099 4196 1182 4263 30,
1223 4198 1308 4264 31,
1346 4197 1434 4263 32,
1475 4197 1560 4263 68,
1585 4197 1673 4264 87,
1700 4196 1787 4261 89,
1814 4196 1899 4261 91,
1931 4198 2021 4247 111
2048 4211 2062 4261 ;
2100 4194 2259 4249 unde
2284 4194 2398 4249 hoc
2424 4195 2650 4249 elucet:

309 4294 550 4339 auctum
591 4302 724 4339 esse
763 4284 876 4339 sub
916 4283 1108 4339 finem
1143 4284 1284 4339 libri
1325 4282 1741 4339 distinctionis
1780 4283 2071 4339 studium.
