3200 4959
1485 295 1885 365 „32-

723 491 1128 577 Sequuntur
1189 490 1367 558 aliae
1428 492 1985 577 consuetudines,
2046 494 2301 581 quibus
2362 493 2438 561 in
2496 494 2857 561 contraria

511 597 772 662 abeunt
817 596 1220 685 Xenophon
1269 605 1338 663 et
1387 600 1617 667 Plato,

721 704 1036 769 Primum
1105 727 1264 771 raro
1333 712 1611 791 tamtum
1683 706 1985 777 admissa
2054 715 2163 773 est
2230 708 2419 796 apud
2481 708 2855 775 Platonem

507 809 932 877 inductionis
1002 811 1284 877 iteratio
1363 820 1435 877 et
1507 812 1931 900 duplicatio:
2006 813 2079 879 111
2158 814 2400 902 primis
2476 814 2855 903 praecipue

506 917 826 1003 dialogis,
921 918 1181 983 Verum
1227 924 1464 985 tamen
1509 918 1584 983 in
1644 918 1778 985 hac
1839 942 2115 1007 quoque
2174 940 2248 987 re
2308 920 2536 1007 magis
2596 920 2855 1007 magis-

505 1047 642 1110 que
710 1020 1370 1113 appropinquantur
1431 1025 1834 1113 Xenophon
1904 1034 2117 1113 atque
2186 1026 2416 1093 Plato.
2510 1026 2854 1093 Conferas

507 1154 762 1219 quaeso
811 1130 1307 1218 Xenophontis
1355 1130 1843 1197 Memorabilia
1905 1138 1976 1197 et
2023 1132 2343 1199 Platonis
2391 1133 2851 1199 Convivium:

505 1239 744 1305 eodem
796 1239 941 1304 fere
1003 1258 1291 1304 numero
1351 1237 1876 1323 frequentatam
1927 1238 2195 1305 videbis
2241 1238 2851 1327 interpositionem

505 1345 700 1411 illam
749 1367 963 1430 quam
1012 1343 1341 1411 indicavi.

721 1450 986 1517 Deinde
1047 1472 1306 1517 novam
1368 1450 1677 1537 aliqua-m
1738 1452 2039 1519 formam
2101 1452 2309 1519 Plato
2371 1451 2605 1536 habet,
2668 1475 2851 1541 quae

503 1559 841 1626 inusitata
889 1565 1042 1623 erat
1072 1556 1559 1644 Xenophonti.
1652 1558 2059 1647 Xenophon
2105 1559 2291 1624 enim
2323 1560 2615 1626 verbum
2650 1566 2853 1649 φησίν

504 1675 870 1753 tantopere
929 1664 1324 1752 respuebat,
1388 1672 1468 1730 ut
1527 1664 1615 1729 iis
1676 1664 1845 1752 ipsis
1904 1665 2096 1749 locis,
2147 1664 2399 1753 quibus
2461 1668 2849 1753 praesentis

503 1772 837 1861 temporis
913 1772 1144 1837 forma
1209 1772 1382 1857 λέγει
1451 1770 1755 1837 orationi
1824 1771 2204 1858 praemissa
2276 1780 2462 1857 erat,
2543 1773 2849 1841 orationi

505 1879 1039 1949 intercalaretur
1085 1898 1224 1942 vox
1273 1876 1400 1965 ἔφη
1433 1916 1511 1927 --
1549 1878 1639 1945 cf.
1676 1878 1931 1965 Cyro‘p.
1980 1878 2016 1945 Ι
2062 1880 2125 1962 3,
2158 1881 2235 1945 11
2276 1880 2382 1945 καὶ
2418 1873 2454 1945 ὁ
2484 1872 2851 1969 Ἀστυάγης

502 1988 726 2073 λέγει
757 1980 862 2073 <‘O
891 1985 956 2051 δὲ
989 1984 1100 2063 σὸς
1132 1983 1374 2073 πατήρ)
1407 1984 1562 2074 ἔφη
1595 1974 1677 2071 (ὦ
1710 1997 1854 2061 παῖ,
1890 2038 1903 2055 .
1942 1985 2023 2074 .>;
2056 1993 2303 2053 contra
2338 1986 2849 2056 accuratiorem

506 2094 744 2161 stilum
817 2092 1026 2159 Plato
1088 2092 1410 2179 praebet:
1483 2100 1776 2179 usurpat
1833 2092 2019 2157 enim
2079 2092 2153 2158 in
2216 2092 2615 2162 huiusmodi
2672 2093 2849 2161 locis

504 2222 747 2265 vocem
810 2204 1036 2288 φησίν;
1109 2198 1198 2264 cf.
1265 2198 1504 2286 Symp.
1574 2199 1781 2265 177A
1843 2198 2005 2287 πρὸς
2058 2224 2143 2283 με
2194 2191 2572 2285 ἀγανακτῶν
2616 2202 2851 2287 λέγει

503 2300 622 2395 (οὗ
667 2306 900 2393 δεινόν)
949 2309 1222 2399 φησιν,

715 2414 1091 2481 Praeterea
1134 2408 1592 2497 anteponitur
1653 2411 1955 2479 orationi
2014 2412 2309 2479 verbum
2374 2418 2575 2503 φησίν
2632 2415 2891 2479 semel·

499 2522 574 2587 in
641 2520 1018 2589 Phaedone
1085 2517 1290 2601 8413,
1369 2518 1843 2605 interponitur
1911 2518 1983 2585 in
2052 2518 2403 2608 colloquio
2473 2542 2615 2587 una
2684 2541 2847 2599 011111

499 2628 812 2697 subiecto
859 2625 1028 2691 ibid.
1074 2624 1163 2693 >62
1189 2623 1272 2691 Β.

715 2823 980 2905 Quibus
1027 2821 1369 2889 absolutis
1416 2820 1560 2887 iam
1606 2821 1697 2887 ad
1742 2820 2162 2909 posteriores
2208 2842 2603 2911 pergamus.

713 2928 1030 2999 Platonis
1077 2928 1476 3017 exemplum
1523 2927 1744 2995 secuti
1793 2948 2032 2993 omnes
2079 2927 2226 2993 fere
2262 2927 2575 2995 omnium
2623 2934 2847 2995 secta-

497 3062 654 3125 rum
685 3036 1082 3127 philosophi
1115 3034 1432 3122 dialogos
1465 3034 1766 3101 scribere
1799 3033 2273 3101 instituerunt.
2348 3035 2494 3100 Nec
2534 3035 2848 3123 deerant,

500 3148 620 3236 qui
698 3166 982 3234 operam
1060 3144 1312 3209 darent
1379 3139 1737 3209 historiae.
1848 3140 2186 3205 Attamen
2263 3140 2489 3207 multa
2564 3146 2847 3209 tantum

497 3252 788 3325 nomina
855 3260 928 3317 et
997 3272 1224 3339 pauca
1291 3248 1698 3335 fragmenta
1720 3250 1767 3331 1)
1838 3252 2148 3311 veterem
2217 3246 2420 3313 nobis
2492 3254 2848 3317 testantur

500 3360 798 3450 copiam.

717 3506 766 3569 1)
803 3502 896 3555 Ex
934 3496 1418 3555 Aristotelis
1471 3495 1850 3567 dialogorum
1899 3492 2262 3568 fragmentis
2312 3512 2532 3569 magna
2582 3496 2848 3555 eruenda

497 3592 741 3651 videtur
778 3591 946 3647 vocis
988 3588 1144 3647 εἶπεν
1181 3584 1542 3643 anethi-itas:
1579 3602 1723 3641 nam
1751 3600 1860 3639 sex
1886 3584 2037 3641 locis
2062 3584 2177 3640 hoc
2204 3584 2457 3640 verbum
2484 3586 2845 3657 admittitur,

499 3687 730 3755 septem
765 3680 918 3735 locis
955 3678 1207 3734 verbum
1245 3678 1367 3749 ἔφη.
1443 3674 1558 3729 Sed
1595 3674 1695 3729 his
1734 3674 2001 3729 numeris
2054 3692 2175 3729 non
2227 3680 2467 3729 tantum
2522 3692 2657 3731 esse
2707 3694 2848 3745 con-‚

499 3770 814 3829 fidendum
851 3776 1030 3843 puto:
1080 3767 1306 3839 sumpti
1345 3765 1504 3819 enim
1541 3769 1691 3819 sunt
1729 3780 1803 3819 ex
1840 3763 2201 3835 fragmentis
2252 3764 2512 3820 fortuito
2566 3767 2844 3822 servatis.

711 3859 964 3915 Maioris
1021 3873 1162 3912 vero
1211 3854 1501 3909 momenti
1552 3851 1810 3921 videtur,
1870 3850 2030 3919 quod
2085 3850 2273 3907 semel
2327 3856 2571 3907 tantum
2626 3861 2846 3910 ante-

499 3952 744 4024 ponitur
793 3946 1053 4005 orationi
1103 3962 1224 3999 vox
1277 3942 1434 4001 εἶπεν
1491 3972 1554 3982 -
1608 3940 1786 4013 frgm.
1836 3943 1907 3995 40
1946 3939 2035 3997 ed.
2075 3938 2203 3996 val.
2244 3939 2410 3996 Rose
2462 3974 2545 4011 —,
2594 3943 2845 3999 inter-

498 4041 743 4115 ponitur
763 4055 906 4094 vero
927 4033 1244 4104 quinquies
1266 4062 1335 4072 -
1355 4030 1530 4105 frgm.
1560 4031 1629 4085 83
1650 4060 1735 4083 -.
1756 4028 1855 4083 Sic
1877 4027 1951 4083 ad
1977 4026 2167 4083 finem
2194 4030 2455 4098 aliquem
2482 4029 2844 4087 Aristoteles

499 4148 636 4187 eam
687 4146 812 4185 rem
849 4124 1160 4199 perduxit,
1217 4138 1367 4191 quae
1435 4118 1749 4175 amabatur
1806 4118 1923 4194 16111
1989 4118 2050 4171 111
2118 4120 2440 4189 postremis
2512 4116 2844 4177 Platonicis

500 4218 776 4291 dialogis·
