3200 4959
1529 293 1923 359 -42-

555 511 780 554 sermo
850 510 1240 575 regressum
1309 488 1657 574 quendam
1728 488 1819 553 ad
1893 488 2231 575 populare
2302 511 2521 575 genus
2584 487 2894 555 dicendi:

553 594 871 682 irrepunt
917 594 1102 661 enim
1153 594 1512 678 nonnulla,
1568 617 1748 681 quae
1796 616 1883 661 ex
1932 594 2449 663 cottidiano
2498 616 2898 661 sermone

555 708 835 789 sumpta
881 709 1066 767 sunt.
1158 701 1238 767 Id
1273 707 1354 767 ut
1384 702 1633 769 melius
1666 700 1984 789 intellegi
2015 701 2263 788 possit,
2294 709 2577 769 nostrae
2610 700 2897 788 linguae

555 830 756 875 usum
827 808 1198 895 attingam.
1289 807 1639 875 Attendas
1698 830 1958 893 quaeso
2022 807 2411 896 simplicem
2473 808 2609 875 v'iri
2668 806 2900 896 plebei

556 914 876 981 hodierni
921 937 1308 981 sermonem
1357 914 1845 1001 rationemque
1911 914 2105 981 illam
2172 914 2517 1000 observes,
2580 937 2721 1001 qua
2780 913 2899 981 ille

555 1022 947 1089 orationem
992 1022 1330 1089 directam
1373 1022 1663 1089 reddere
1708 1022 1887 1088 solet
1924 1021 1999 1087 in
2046 1022 2470 1108 narratione,
2533 1020 2899 1089 miraberis

555 1136 743 1197 certe
804 1128 976 1213 hoc,
1048 1136 1314 1215 quanta
1375 1130 1748 1195 verborum
1810 1128 2013 1217 copia
2080 1128 2304 1197 oratio
2364 1129 2454 1195 ab
2518 1151 2599 1195 eo
2662 1127 2899 1195 induci

553 1235 794 1302 soleat.
889 1236 1178 1324 Semper
1235 1236 1424 1303 enim
1483 1235 1556 1303 id
1616 1236 1903 1303 student
1960 1234 2359 1303 huiusmodi
2420 1234 2757 1319 homines,
2818 1243 2901 1301 ut

555 1342 930 1409 manifesto
977 1341 1415 1430 patefaciant
1461 1364 1604 1409 non
1664 1342 1808 1409 iam
1866 1342 2341 1409 narrationem
2400 1341 2716 1412 exhiberi
2776 1342 2903 1409 sed

554 1448 780 1537 ipsam
853 1450 1090 1517 adesse
1161 1450 1549 1516 orationem
1620 1450 1995 1533 direcoem3
2074 1449 2349 1517 accedit
2422 1450 2611 1537 quod
2686 1448 2902 1515 inter-

554 1555 952 1622 missionem
1023 1579 1229 1644 saepe
1302 1564 1650 1645 appetunt
1716 1556 1829 1621 vel
1900 1578 2193 1645 pausam
2262 1554 2573 1647 dicendi;
2645 1554 2903 1643 quibus

557 1663 825 1729 factum
857 1670 984 1749 est,
1025 1670 1107 1734 ut
1139 1672 1611 1751 anteponatur
1642 1663 1923 1750 quidem
1958 1663 2259 1730 orationi
2292 1664 2581 1730 verbum
2614 1662 2901 1750 aliquod

556 1770 850 1855 dicendi,
909 1778 1242 1861 sequatur
1287 1794 1476 1853 vero,
1537 1771 1661 1837 ubi
1708 1772 1829 1836 vix
1877 1778 2149 1861 partem
2211 1771 2359 1850 eius
2421 1770 2729 1857 aliquam
2778 1769 2901 1835 ab·

555 1876 860 1962 solverit,
911 1878 1130 1944 altera
1193 1877 1528 1963 inducti0,
1594 1900 1817 1965 eoque
1875 1877 2109 1967 plures
2174 1877 2412 1943 audies
2458 1876 2905 1943 inductiones

555 2004 694 2071 quo
739 1982 1020 2071 longior
1064 1984 1198 2049 fiet
1245 1984 1489 2051 oratio.
1583 1984 1785 2053 Talia
1834 1983 2121 2051 cottidie
2170 1982 2241 2049 in
2291 1981 2535 2073 populi
2580 2005 2905 2049 sermone

557 2091 902 2176 observaS,
949 2091 1120 2179 quin
1167 2092 1382 2158 etiam
1430 2092 1504 2157 in
1552 2091 1803 2157 litteris
1836 2092 2093 2158 nostris
2124 2089 2463 2181 graphice
2493 2074 2903 2179 compositis

557 2196 728 2264 talia
787 2198 1120 2287 leguntur
1180 2198 1269 2264 cf.
1333 2222 1391 2264 e.
1444 2222 1510 2287 g.
1574 2200 2045 2265 Sudermann:
2116 2200 2163 2267 J
2168 2194 2489 2264 olanthes
2547 2194 2902 2262 Hochzeit

555 2328 622 2393 p.
672 2306 736 2389 9,
782 2306 891 2389 29,
938 2306 1044 2390 40,
1093 2306 1214 2371 54:
1264 2305 1516 2393 quibus
1563 2306 1734 2394 ipsis
1777 2306 1951 2372 locis
2006 2312 2288 2371 tantum
2335 2294 2525 2370 valet
2585 2300 2899 2369 studium

557 2412 894 2479 sermonis
963 2412 1372 2498 cottidiani,
1443 2420 1525 2478 ut
1594 2412 1785 2479 omni
1853 2414 2179 2500 neglecta
2251 2411 2639 2478 variatione
2708 2412 2901 2477 idem

554 2518 847 2586 verbum
922 2522 1217 2609 „sagen“
1293 2520 1594 2587 orationi
1671 2527 2150 2608 praeponatur
2226 2527 2299 2585 et
2367 2518 2897 2607 interponatur:

556 2626 645 2695 cf.
695 2652 761 2717 p.
809 2628 898 2694 40
931 2678 944 2693 .
983 2678 996 2695 .
1035 2678 1048 2695 .
1097 2628 1240 2695 und
1289 2634 1524 2715 sagt:
1579 2627 1896 2722 „denken
1936 2667 2015 2677 -
2047 2648 2247 2694 wozu
2281 2626 2641 2693 denken?“
2694 2630 2899 2711 sagt

553 2734 678 2801 sie
720 2786 733 2800 .
773 2791 784 2803 .
825 2788 838 2801 .
880 2740 926 2820 ¹)

769 2841 980 2907 Cuius
1025 2841 1249 2907 simile
1296 2842 1463 2930 quid
1512 2841 1711 2907 adest
1756 2840 1829 2907 in
1877 2842 2389 2929 Xenophonte:
2439 2837 2573 2905 hac
2617 2861 2692 2904 re
2740 2846 2899 2903 tan-

553 2954 703 3013 tum
753 2946 1000 3012 differt
1031 2946 1454 3037 Xenophon,
1506 2949 1693 3037 quod
1740 2970 2013 3037 semper
2045 2948 2395 3015 diversum
2443 2955 2549 3013 est
2596 2944 2897 3012 alterum

553 3052 845 3119 verbum
878 3077 918 3120 a
950 3053 1179 3141 priore
1203 3094 1290 3102 ——
1317 3050 1515 3134 εἶπεν,
1543 3053 1751 3141 ἔλεγεν
1782 3060 1913 3121 etc.
1947 3057 2024 3138 -†—
2053 3052 2212 3143 ἔφη;
2240 3054 2331 3121 cf.
2358 3052 2692 3119 tabellam
2716 3052 2789 3117 II
2812 3090 2885 3101 -—

552 3160 624 3225 in
669 3161 973 3226 secundo
1010 3182 1174 3226 vero
1207 3161 1362 3227 loco
1396 3183 1669 3249 semper
1701 3158 1825 3249 ἔφη
1858 3158 2262 3226 adhibetur:
2314 3158 2581 3226 scilicet
2622 3180 2899 3245 semper

551 3264 684 3333 hoc
733 3266 1025 3333 verbum
1071 3266 1155 3333 iis
1201 3266 1371 3334 locis
1403 3268 1620 3351 adest,
1656 3266 1907 3353 quibus
1940 3266 2179 3333 statim
2213 3263 2287 3333 in
2316 3266 2522 3332 initio
2558 3262 2897 3333 orationis

553 3373 851 3439 alterum
927 3373 1218 3439 verbum
1291 3373 1764 3463 interponitur
1780 3374 1869 3461 ²):
1950 3374 2038 3441 cf.
2128 3376 2332 3441 Mem.
2409 3374 2445 3438 Ι
2518 3376 2579 3456 3,
2608 3376 2649 3440 9
2712 3364 2899 3461 ἤρετο

554 3486 940 3569 Ξενοφῶντα
987 3479 1164 3567 (εἰπέ
1218 3480 1361 3569 μοι)
1422 3478 1548 3571 ἔφη
1609 3469 1691 3567 (ὦ
1754 3490 2058 3571 Ξενοφῶν
2091 3532 2106 3546 .
2143 3531 2157 3546 .
2194 3532 2209 3546 .
2246 3480 2314 3569 .>,
2365 3480 2563 3545 adest
2624 3500 2900 3565 semper

551 3586 635 3651 iis
683 3608 958 3673 quoque
1006 3586 1197 3673 locis,
1246 3587 1499 3675 quibus
1545 3588 1620 3652 in
1652 3587 2033 3676 posteriore
2066 3588 2302 3674 aliquo
2354 3586 2691 3653 orationis
2738 3584 2895 3651 loco

551 3692 864 3760 inductio
934 3692 1260 3759 iteratur:
1337 3694 1426 3761 cf.
1505 3696 1708 3761 Mem.
1787 3695 1824 3760 I
1894 3696 1958 3779 3,
1988 3696 2069 3760 12
2146 3694 2304 3781 (Καὶ
2378 3694 2597 3781 τοῦτο)
2671 3688 2799 3781 ἔφη
2864 3684 2899 3758 ὁ

551 3801 891 3889 Σωκράτης
935 3800 1358 3887 <θαυμοίζεις;
1409 3792 1521 3867 min
1568 3796 1801 3891 οἶσθα)
1850 3800 1975 3891 ἔφη
2022 3801 2130 3888 (τὰ
2166 3853 2181 3866 .
2217 3856 2231 3870 .
2270 3852 2285 3866 .
2322 3851 2338 3866 .
2358 3804 2409 3883 ⁸)

767 3944 819 4015 1)
857 3942 936 3999 cf.
987 3944 1058 3997 A.
1107 3942 1433 3999 Ludwich:
1499 3944 1615 3997 Die
1664 3942 1903 3999 Formel
1948 3935 2067 4017 ἧδ’
2106 3940 2166 4005 ὅς
2217 3943 2280 3999 in
2330 3942 2542 3999 Museo
2600 3942 2896 3998 Rhenano

551 4032 694 4088 XLI
731 4034 1034 4191 &tignus
1074 4122 1378 4194 excipitur
1411 4122 1582 4177 locus
1622 4120 1837 4194 Cyrop.
1878 4121 1907 4177 I
1942 4124 2100 4193 6,12,
2136 4122 2245 4177 ubi
2286 4120 2443 4184 εἶπας
2478 4126 2824 4194 usurpatur.

767 4214 824 4282 3)
861 4210 954 4267 De
991 4210 1108 4267 hoc
1143 4216 1448 4287 postremo
1485 4228 1605 4267 usu
1642 4212 1939 4269 nonnulla
1968 4211 2242 4268 addenda
2295 4219 2469 4267 sunt:
2520 4212 2757 4268 scilieet
2804 4212 2897 4269 eis
