<?xml version="1.0" encoding="UTF-8"?>
<!DOCTYPE html PUBLIC "-//W3C//DTD XHTML 1.0 Transitional//EN"
    "http://www.w3.org/TR/xhtml1/DTD/xhtml1-transitional.dtd">
<html xmlns="http://www.w3.org/1999/xhtml" xml:lang="en" lang="en">
 <head>
  <title>
</title>
<meta http-equiv="Content-Type" content="text/html;charset=utf-8" />
  <meta name='ocr-system' content='tesseract 3.04.00' />
  <meta name='ocr-capabilities' content='ocr_page ocr_carea ocr_par ocr_line ocrx_word'/>
</head>
<body>
  <div class='ocr_page' id='page_1' title='image "./quomodoinducant00buengoog_0023.png"; bbox 0 0 3200 4959; ppageno 0'>
   <div class='ocr_carea' id='block_1_1' title="bbox 1351 296 1749 363">
    <p class='ocr_par' dir='ltr' id='par_1_1' title="bbox 1351 296 1749 363">
     <span class='ocr_line' id='line_1_1' title="bbox 1351 296 1749 363; baseline 0 -16"><span class='ocrx_word' id='word_1_1' title='bbox 1351 296 1749 363; x_wconf 72' lang='grc'><strong>..19-</strong></span> 
     </span>
    </p>
   </div>
   <div class='ocr_carea' id='block_1_2' title="bbox 345 490 2719 1117">
    <p class='ocr_par' dir='ltr' id='par_1_2' title="bbox 345 490 2719 1117">
     <span class='ocr_line' id='line_1_2' title="bbox 353 490 2719 582; baseline 0.001 -23"><span class='ocrx_word' id='word_1_2' title='bbox 353 493 674 559; x_wconf 85' lang='lat' dir='ltr'><strong>delectu.</strong></span> <span class='ocrx_word' id='word_1_3' title='bbox 744 492 892 559; x_wconf 86' lang='lat' dir='ltr'><strong>Nec</strong></span> <span class='ocrx_word' id='word_1_4' title='bbox 940 490 1074 558; x_wconf 90' lang='lat' dir='ltr'><strong>hoc</strong></span> <span class='ocrx_word' id='word_1_5' title='bbox 1121 491 1396 559; x_wconf 89' lang='lat' dir='ltr'><strong>mirum.</strong></span> <span class='ocrx_word' id='word_1_6' title='bbox 1468 491 1743 559; x_wconf 86' lang='lat' dir='ltr'><strong>Desunt</strong></span> <span class='ocrx_word' id='word_1_7' title='bbox 1773 492 1959 561; x_wconf 89' lang='lat' dir='ltr'><strong>enim</strong></span> <span class='ocrx_word' id='word_1_8' title='bbox 2010 494 2197 581; x_wconf 90' lang='lat' dir='ltr'><strong>apud</strong></span> <span class='ocrx_word' id='word_1_9' title='bbox 2229 494 2507 581; x_wconf 72' lang='lat' dir='ltr'><strong>lyricoS‚</strong></span> <span class='ocrx_word' id='word_1_10' title='bbox 2541 517 2719 582; x_wconf 85' lang='lat' dir='ltr'><strong>quae</strong></span> 
     </span>
     <span class='ocr_line' id='line_1_3' title="bbox 351 598 2718 686; baseline 0.001 -21"><span class='ocrx_word' id='word_1_11' title='bbox 351 600 792 667; x_wconf 76' lang='lat' dir='ltr'><strong>variationis</strong></span> <span class='ocrx_word' id='word_1_12' title='bbox 839 598 1068 665; x_wconf 84' lang='lat' dir='ltr'><strong>studio</strong></span> <span class='ocrx_word' id='word_1_13' title='bbox 1117 598 1444 664; x_wconf 82' lang='lat' dir='ltr'><strong>faveant:</strong></span> <span class='ocrx_word' id='word_1_14' title='bbox 1515 620 1681 665; x_wconf 84' lang='lat' dir='ltr'><strong>nam</strong></span> <span class='ocrx_word' id='word_1_15' title='bbox 1741 621 2102 686; x_wconf 86' lang='lat' dir='ltr'><strong>nunquam</strong></span> <span class='ocrx_word' id='word_1_16' title='bbox 2165 601 2313 666; x_wconf 86' lang='lat' dir='ltr'><strong>fere</strong></span> <span class='ocrx_word' id='word_1_17' title='bbox 2368 601 2718 669; x_wconf 86' lang='lat' dir='ltr'><strong>orationes</strong></span> 
     </span>
     <span class='ocr_line' id='line_1_4' title="bbox 349 705 2717 792; baseline 0.002 -21"><span class='ocrx_word' id='word_1_18' title='bbox 349 706 676 773; x_wconf 86' lang='lat' dir='ltr'><strong>iniectae</strong></span> <span class='ocrx_word' id='word_1_19' title='bbox 722 705 962 773; x_wconf 86' lang='lat' dir='ltr'><strong>statim</strong></span> <span class='ocrx_word' id='word_1_20' title='bbox 995 726 1141 771; x_wconf 82' lang='lat' dir='ltr'><strong>sese</strong></span> <span class='ocrx_word' id='word_1_21' title='bbox 1175 705 1558 792; x_wconf 82' lang='lat' dir='ltr'><strong>excipiunt,</strong></span> <span class='ocrx_word' id='word_1_22' title='bbox 1605 706 1727 771; x_wconf 89' lang='lat' dir='ltr'><strong>sed</strong></span> <span class='ocrx_word' id='word_1_23' title='bbox 1756 706 1999 773; x_wconf 80' lang='lat' dir='ltr'><strong>brevia</strong></span> <span class='ocrx_word' id='word_1_24' title='bbox 2028 714 2307 773; x_wconf 85' lang='lat' dir='ltr'><strong>tantum</strong></span> <span class='ocrx_word' id='word_1_25' title='bbox 2338 709 2717 775; x_wconf 84' lang='lat' dir='ltr'><strong>admittun-</strong></span> 
     </span>
     <span class='ocr_line' id='line_1_5' title="bbox 345 810 2717 899; baseline 0.002 -20"><span class='ocrx_word' id='word_1_26' title='bbox 345 822 492 881; x_wconf 81' lang='lat' dir='ltr'><strong>tur</strong></span> <span class='ocrx_word' id='word_1_27' title='bbox 537 814 724 879; x_wconf 84' lang='lat' dir='ltr'><strong>dicta</strong></span> <span class='ocrx_word' id='word_1_28' title='bbox 769 810 888 879; x_wconf 80' lang='lat' dir='ltr'><strong>vel</strong></span> <span class='ocrx_word' id='word_1_29' title='bbox 931 810 1250 899; x_wconf 78' lang='lat' dir='ltr'><strong>singulae</strong></span> <span class='ocrx_word' id='word_1_30' title='bbox 1298 810 1653 879; x_wconf 83' lang='lat' dir='ltr'><strong>orationes</strong></span> <span class='ocrx_word' id='word_1_31' title='bbox 1698 811 1773 879; x_wconf 91' lang='lat' dir='ltr'><strong>in</strong></span> <span class='ocrx_word' id='word_1_32' title='bbox 1820 812 2066 879; x_wconf 85' lang='lat' dir='ltr'><strong>breves</strong></span> <span class='ocrx_word' id='word_1_33' title='bbox 2110 813 2514 881; x_wconf 86' lang='lat' dir='ltr'><strong>inseruntur</strong></span> <span class='ocrx_word' id='word_1_34' title='bbox 2558 838 2717 883; x_wconf 85' lang='lat' dir='ltr'><strong>nar·-</strong></span> 
     </span>
     <span class='ocr_line' id='line_1_6' title="bbox 345 919 2713 1009; baseline -0 -22"><span class='ocrx_word' id='word_1_35' title='bbox 345 920 702 987; x_wconf 83' lang='lat' dir='ltr'><strong>rationes.</strong></span> <span class='ocrx_word' id='word_1_36' title='bbox 796 919 912 985; x_wconf 86' lang='lat' dir='ltr'><strong>Sic</strong></span> <span class='ocrx_word' id='word_1_37' title='bbox 958 919 1232 984; x_wconf 82' lang='lat' dir='ltr'><strong>factum</strong></span> <span class='ocrx_word' id='word_1_38' title='bbox 1279 925 1407 1003; x_wconf 87' lang='lat' dir='ltr'><strong>est,</strong></span> <span class='ocrx_word' id='word_1_39' title='bbox 1467 926 1550 984; x_wconf 89' lang='lat' dir='ltr'><strong>ut</strong></span> <span class='ocrx_word' id='word_1_40' title='bbox 1595 919 1784 1007; x_wconf 82' lang='lat' dir='ltr'><strong>apud</strong></span> <span class='ocrx_word' id='word_1_41' title='bbox 1834 940 2075 985; x_wconf 84' lang='lat' dir='ltr'><strong>omnes</strong></span> <span class='ocrx_word' id='word_1_42' title='bbox 2132 920 2393 1007; x_wconf 85' lang='lat' dir='ltr'><strong>lyricos</strong></span> <span class='ocrx_word' id='word_1_43' title='bbox 2457 921 2713 1009; x_wconf 87' lang='lat' dir='ltr'><strong>princi-</strong></span> 
     </span>
     <span class='ocr_line' id='line_1_7' title="bbox 347 1022 1885 1117; baseline -0.002 -22"><span class='ocrx_word' id='word_1_44' title='bbox 347 1029 605 1117; x_wconf 82' lang='lat' dir='ltr'><strong>palem</strong></span> <span class='ocrx_word' id='word_1_45' title='bbox 651 1026 881 1093; x_wconf 87' lang='lat' dir='ltr'><strong>locum</strong></span> <span class='ocrx_word' id='word_1_46' title='bbox 930 1030 1228 1112; x_wconf 82' lang='lat' dir='ltr'><strong>occupet</strong></span> <span class='ocrx_word' id='word_1_47' title='bbox 1272 1026 1564 1093; x_wconf 87' lang='lat' dir='ltr'><strong>verbum</strong></span> <span class='ocrx_word' id='word_1_48' title='bbox 1614 1022 1797 1092; x_wconf 76' lang='grc' dir='ltr'><strong><em>εἶπεν</em></strong></span> <span class='ocrx_word' id='word_1_49' title='bbox 1816 1029 1885 1110; x_wconf 85' lang='lat'><strong>¹).</strong></span> 
     </span>
    </p>
   </div>
   <div class='ocr_carea' id='block_1_3' title="bbox 341 1149 2710 1985">
    <p class='ocr_par' dir='ltr' id='par_1_3' title="bbox 341 1149 2710 1985">
     <span class='ocr_line' id='line_1_8' title="bbox 583 1149 2710 1233; baseline 0 -16"><span class='ocrx_word' id='word_1_50' title='bbox 583 1152 832 1218; x_wconf 85' lang='lat' dir='ltr'><strong>Cetera</strong></span> <span class='ocrx_word' id='word_1_51' title='bbox 877 1170 1046 1216; x_wconf 83' lang='lat' dir='ltr'><strong>vero</strong></span> <span class='ocrx_word' id='word_1_52' title='bbox 1091 1156 1454 1215; x_wconf 87' lang='lat' dir='ltr'><strong>rarescunt</strong></span> <span class='ocrx_word' id='word_1_53' title='bbox 1514 1149 1792 1223; x_wconf 86' lang='lat' dir='ltr'><strong>dicendi</strong></span> <span class='ocrx_word' id='word_1_54' title='bbox 1856 1149 2237 1233; x_wconf 81' lang='lat' dir='ltr'><strong>vocabula3</strong></span> <span class='ocrx_word' id='word_1_55' title='bbox 2308 1174 2474 1219; x_wconf 87' lang='lat' dir='ltr'><strong>nam</strong></span> <span class='ocrx_word' id='word_1_56' title='bbox 2534 1174 2710 1219; x_wconf 87' lang='lat' dir='ltr'><strong>nun-</strong></span> 
     </span>
     <span class='ocr_line' id='line_1_9' title="bbox 346 1254 2707 1349; baseline -0 -23"><span class='ocrx_word' id='word_1_57' title='bbox 346 1282 580 1349; x_wconf 83' lang='lat' dir='ltr'><strong>quam</strong></span> <span class='ocrx_word' id='word_1_58' title='bbox 629 1257 913 1325; x_wconf 89' lang='lat' dir='ltr'><strong>omnino</strong></span> <span class='ocrx_word' id='word_1_59' title='bbox 945 1256 1293 1322; x_wconf 78' lang='lat' dir='ltr'><strong>Pindarus</strong></span> <span class='ocrx_word' id='word_1_60' title='bbox 1326 1257 1615 1321; x_wconf 88' lang='lat' dir='ltr'><strong>verbum</strong></span> <span class='ocrx_word' id='word_1_61' title='bbox 1648 1256 1775 1345; x_wconf 73' lang='grc' dir='ltr'><strong>ἔφη</strong></span> <span class='ocrx_word' id='word_1_62' title='bbox 1806 1254 2040 1343; x_wconf 86' lang='lat' dir='ltr'><strong>habet,</strong></span> <span class='ocrx_word' id='word_1_63' title='bbox 2073 1260 2283 1325; x_wconf 86' lang='lat' dir='ltr'><strong>semel</strong></span> <span class='ocrx_word' id='word_1_64' title='bbox 2318 1258 2707 1325; x_wconf 80' lang='lat' dir='ltr'><strong>Simonides</strong></span> 
     </span>
     <span class='ocr_line' id='line_1_10' title="bbox 345 1363 2703 1454; baseline -0 -22"><span class='ocrx_word' id='word_1_65' title='bbox 345 1368 576 1454; x_wconf 86' lang='lat' dir='ltr'><strong>frgm.</strong></span> <span class='ocrx_word' id='word_1_66' title='bbox 624 1367 714 1433; x_wconf 85' lang='lat'><strong>98</strong></span> <span class='ocrx_word' id='word_1_67' title='bbox 741 1404 830 1415; x_wconf 91' lang='lat'>—</span> <span class='ocrx_word' id='word_1_68' title='bbox 860 1363 1119 1450; x_wconf 83' lang='lat' dir='ltr'><strong>Bergk.</strong></span> <span class='ocrx_word' id='word_1_69' title='bbox 1168 1364 1274 1429; x_wconf 92' lang='lat' dir='ltr'><strong>ed.</strong></span> <span class='ocrx_word' id='word_1_70' title='bbox 1323 1363 1489 1429; x_wconf 86' lang='lat' dir='ltr'><strong>min.</strong></span> <span class='ocrx_word' id='word_1_71' title='bbox 1529 1402 1605 1412; x_wconf 93' lang='lat'><strong>—-</strong></span> <span class='ocrx_word' id='word_1_72' title='bbox 1644 1372 1717 1429; x_wconf 89' lang='lat' dir='ltr'><strong>et</strong></span> <span class='ocrx_word' id='word_1_73' title='bbox 1760 1363 2117 1451; x_wconf 79' lang='lat' dir='ltr'><strong>Theognis</strong></span> <span class='ocrx_word' id='word_1_74' title='bbox 2160 1386 2227 1431; x_wconf 81' lang='lat' dir='ltr'><strong>v,</strong></span> <span class='ocrx_word' id='word_1_75' title='bbox 2284 1368 2449 1433; x_wconf 82' lang='lat'>921:</span> <span class='ocrx_word' id='word_1_76' title='bbox 2498 1388 2703 1453; x_wconf 87' lang='lat' dir='ltr'><strong>quem</strong></span> 
     </span>
     <span class='ocr_line' id='line_1_11' title="bbox 345 1468 2705 1562; baseline -0.001 -21"><span class='ocrx_word' id='word_1_77' title='bbox 345 1480 746 1562; x_wconf 85' lang='lat' dir='ltr'><strong>angustum</strong></span> <span class='ocrx_word' id='word_1_78' title='bbox 777 1492 940 1538; x_wconf 87' lang='lat' dir='ltr'><strong>usus</strong></span> <span class='ocrx_word' id='word_1_79' title='bbox 977 1469 1352 1537; x_wconf 87' lang='lat' dir='ltr'><strong>terminum</strong></span> <span class='ocrx_word' id='word_1_80' title='bbox 1400 1468 1867 1558; x_wconf 74' lang='lat' dir='ltr'><strong>Bacchylides</strong></span> <span class='ocrx_word' id='word_1_81' title='bbox 1914 1472 2099 1537; x_wconf 87' lang='lat' dir='ltr'><strong>solus</strong></span> <span class='ocrx_word' id='word_1_82' title='bbox 2146 1473 2551 1559; x_wconf 84' lang='lat' dir='ltr'><strong>transcedit,</strong></span> <span class='ocrx_word' id='word_1_83' title='bbox 2585 1474 2705 1561; x_wconf 92' lang='lat' dir='ltr'><strong>qui</strong></span> 
     </span>
     <span class='ocr_line' id='line_1_12' title="bbox 343 1576 2697 1671; baseline -0.001 -21"><span class='ocrx_word' id='word_1_84' title='bbox 343 1581 492 1671; x_wconf 67' lang='grc' dir='ltr'><strong>ἔφη</strong></span> <span class='ocrx_word' id='word_1_85' title='bbox 529 1580 752 1647; x_wconf 88' lang='lat' dir='ltr'><strong>tribus</strong></span> <span class='ocrx_word' id='word_1_86' title='bbox 781 1578 954 1647; x_wconf 83' lang='lat' dir='ltr'><strong>locis</strong></span> <span class='ocrx_word' id='word_1_87' title='bbox 983 1576 1273 1645; x_wconf 82' lang='lat' dir='ltr'><strong>adhibet</strong></span> <span class='ocrx_word' id='word_1_88' title='bbox 1309 1577 1520 1665; x_wconf 79' lang='lat' dir='ltr'><strong>frgm.</strong></span> <span class='ocrx_word' id='word_1_89' title='bbox 1553 1578 1677 1660; x_wconf 76' lang='lat'><strong>253</strong></span> <span class='ocrx_word' id='word_1_90' title='bbox 1740 1578 1853 1645; x_wconf 91' lang='lat' dir='ltr'><strong>III</strong></span> <span class='ocrx_word' id='word_1_91' title='bbox 1884 1578 2009 1659; x_wconf 81' lang='lat'><strong>933</strong></span> <span class='ocrx_word' id='word_1_92' title='bbox 2059 1578 2122 1643; x_wconf 88' lang='lat' dir='ltr'><strong>V</strong></span> <span class='ocrx_word' id='word_1_93' title='bbox 2159 1580 2374 1663; x_wconf 78' lang='lat'><strong>1712).</strong></span> <span class='ocrx_word' id='word_1_94' title='bbox 2453 1580 2697 1667; x_wconf 88' lang='lat' dir='ltr'><strong>Neque</strong></span> 
     </span>
     <span class='ocr_line' id='line_1_13' title="bbox 341 1676 2701 1775; baseline 0 -20"><span class='ocrx_word' id='word_1_95' title='bbox 341 1688 572 1756; x_wconf 84' lang='lat' dir='ltr'><strong>latius</strong></span> <span class='ocrx_word' id='word_1_96' title='bbox 644 1692 842 1775; x_wconf 87' lang='lat' dir='ltr'><strong>patet</strong></span> <span class='ocrx_word' id='word_1_97' title='bbox 911 1706 1076 1751; x_wconf 87' lang='lat' dir='ltr'><strong>usus</strong></span> <span class='ocrx_word' id='word_1_98' title='bbox 1145 1684 1530 1751; x_wconf 81' lang='lat' dir='ltr'><strong>formarum</strong></span> <span class='ocrx_word' id='word_1_99' title='bbox 1601 1707 1645 1750; x_wconf 88' lang='lat' dir='ltr'><strong>a</strong></span> <span class='ocrx_word' id='word_1_100' title='bbox 1705 1706 1879 1751; x_wconf 87' lang='lat' dir='ltr'><strong>voce</strong></span> <span class='ocrx_word' id='word_1_101' title='bbox 1940 1676 2130 1750; x_wconf 74' lang='grc' dir='ltr'><strong><em>αὔδα·</em></strong></span> <span class='ocrx_word' id='word_1_102' title='bbox 2194 1685 2701 1756; x_wconf 65' lang='lat' dir='ltr'><strong>derivatorum:</strong></span> 
     </span>
     <span class='ocr_line' id='line_1_14' title="bbox 341 1784 2698 1877; baseline -0 -15"><span class='ocrx_word' id='word_1_103' title='bbox 341 1796 563 1862; x_wconf 88' lang='lat' dir='ltr'><strong>Pind.</strong></span> <span class='ocrx_word' id='word_1_104' title='bbox 643 1792 885 1859; x_wconf 88' lang='lat' dir='ltr'><strong>Isthm.</strong></span> <span class='ocrx_word' id='word_1_105' title='bbox 963 1790 1064 1857; x_wconf 90' lang='lat' dir='ltr'><strong>VI</strong></span> <span class='ocrx_word' id='word_1_106' title='bbox 1133 1791 1222 1857; x_wconf 83' lang='lat'><strong>42</strong></span> <span class='ocrx_word' id='word_1_107' title='bbox 1292 1784 1528 1859; x_wconf 72' lang='grc' dir='ltr'><strong><em>αὔδασε</em></strong></span> <span class='ocrx_word' id='word_1_108' title='bbox 1618 1798 1691 1857; x_wconf 90' lang='lat' dir='ltr'><strong>et</strong></span> <span class='ocrx_word' id='word_1_109' title='bbox 1780 1791 1978 1859; x_wconf 87' lang='lat' dir='ltr'><strong>Nem.</strong></span> <span class='ocrx_word' id='word_1_110' title='bbox 2050 1791 2123 1857; x_wconf 90' lang='lat' dir='ltr'>X</span> <span class='ocrx_word' id='word_1_111' title='bbox 2203 1793 2295 1861; x_wconf 84' lang='lat'><strong>80</strong></span> <span class='ocrx_word' id='word_1_112' title='bbox 2360 1791 2698 1877; x_wconf 76' lang='grc' dir='ltr'><strong><em>ἐξαύδασε;</em></strong></span> 
     </span>
     <span class='ocr_line' id='line_1_15' title="bbox 343 1896 2698 1985; baseline -0.001 -16"><span class='ocrx_word' id='word_1_113' title='bbox 343 1908 800 1969; x_wconf 87' lang='lat' dir='ltr'><strong>evanuerunt</strong></span> <span class='ocrx_word' id='word_1_114' title='bbox 861 1898 1147 1965; x_wconf 89' lang='lat' dir='ltr'><strong>omnino</strong></span> <span class='ocrx_word' id='word_1_115' title='bbox 1213 1896 1568 1963; x_wconf 82' lang='lat' dir='ltr'><strong>liberiores</strong></span> <span class='ocrx_word' id='word_1_116' title='bbox 1631 1918 1755 1963; x_wconf 88' lang='lat' dir='ltr'><strong>eae</strong></span> <span class='ocrx_word' id='word_1_117' title='bbox 1814 1896 2275 1985; x_wconf 79' lang='lat' dir='ltr'><strong>inductiones,</strong></span> <span class='ocrx_word' id='word_1_118' title='bbox 2348 1922 2525 1985; x_wconf 81' lang='lat' dir='ltr'><strong>quae</strong></span> <span class='ocrx_word' id='word_1_119' title='bbox 2596 1902 2698 1967; x_wconf 89' lang='lat' dir='ltr'><strong>nil</strong></span> 
     </span>
    </p>
   </div>
   <div class='ocr_carea' id='block_1_4' title="bbox 341 2004 1681 2096">
    <p class='ocr_par' dir='ltr' id='par_1_4' title="bbox 341 2004 1681 2096">
     <span class='ocr_line' id='line_1_16' title="bbox 341 2004 1681 2096; baseline -0.004 -20"><span class='ocrx_word' id='word_1_120' title='bbox 341 2010 492 2077; x_wconf 85' lang='lat' dir='ltr'><strong>nisi</strong></span> <span class='ocrx_word' id='word_1_121' title='bbox 540 2014 818 2096; x_wconf 82' lang='lat' dir='ltr'><strong>gestum</strong></span> <span class='ocrx_word' id='word_1_122' title='bbox 863 2004 1170 2073; x_wconf 88' lang='lat' dir='ltr'><strong>orationi</strong></span> <span class='ocrx_word' id='word_1_123' title='bbox 1216 2010 1681 2092; x_wconf 87' lang='lat' dir='ltr'><strong>praeponunt.</strong></span> 
     </span>
    </p>
   </div>
   <div class='ocr_carea' id='block_1_5' title="bbox 337 2128 2695 3611">
    <p class='ocr_par' dir='ltr' id='par_1_5' title="bbox 337 2128 2695 3163">
     <span class='ocr_line' id='line_1_17' title="bbox 570 2128 2695 2219; baseline 0 -21"><span class='ocrx_word' id='word_1_124' title='bbox 570 2132 708 2198; x_wconf 83' lang='lat' dir='ltr'><strong>Sed</strong></span> <span class='ocrx_word' id='word_1_125' title='bbox 739 2130 914 2197; x_wconf 83' lang='lat' dir='ltr'><strong>haec</strong></span> <span class='ocrx_word' id='word_1_126' title='bbox 957 2129 1016 2195; x_wconf 89' lang='lat' dir='ltr'><strong>si</strong></span> <span class='ocrx_word' id='word_1_127' title='bbox 1061 2128 1347 2216; x_wconf 86' lang='lat' dir='ltr'><strong>excipis,</strong></span> <span class='ocrx_word' id='word_1_128' title='bbox 1393 2128 1771 2195; x_wconf 85' lang='lat' dir='ltr'><strong>manifesto</strong></span> <span class='ocrx_word' id='word_1_129' title='bbox 1819 2130 2004 2217; x_wconf 87' lang='lat' dir='ltr'><strong>apud</strong></span> <span class='ocrx_word' id='word_1_130' title='bbox 2037 2130 2295 2217; x_wconf 81' lang='lat' dir='ltr'><strong>lyricos</strong></span> <span class='ocrx_word' id='word_1_131' title='bbox 2339 2133 2695 2219; x_wconf 82' lang='lat' dir='ltr'><strong>perlucere</strong></span> 
     </span>
     <span class='ocr_line' id='line_1_18' title="bbox 339 2234 2695 2327; baseline -0.001 -20"><span class='ocrx_word' id='word_1_132' title='bbox 339 2240 549 2307; x_wconf 78' lang='lat' dir='ltr'><strong>vides</strong></span> <span class='ocrx_word' id='word_1_133' title='bbox 595 2238 778 2327; x_wconf 83' lang='lat' dir='ltr'><strong>epici</strong></span> <span class='ocrx_word' id='word_1_134' title='bbox 824 2236 1102 2325; x_wconf 87' lang='lat' dir='ltr'><strong>generis</strong></span> <span class='ocrx_word' id='word_1_135' title='bbox 1151 2234 1550 2302; x_wconf 86' lang='lat' dir='ltr'><strong>dictionem.</strong></span> <span class='ocrx_word' id='word_1_136' title='bbox 1647 2234 2087 2323; x_wconf 78' lang='lat' dir='ltr'><strong>Quamquam</strong></span> <span class='ocrx_word' id='word_1_137' title='bbox 2147 2238 2376 2303; x_wconf 89' lang='lat' dir='ltr'><strong>minus</strong></span> <span class='ocrx_word' id='word_1_138' title='bbox 2440 2239 2695 2305; x_wconf 85' lang='lat' dir='ltr'><strong>adsunt</strong></span> 
     </span>
     <span class='ocr_line' id='line_1_19' title="bbox 340 2341 2689 2435; baseline -0.001 -22"><span class='ocrx_word' id='word_1_139' title='bbox 340 2346 668 2435; x_wconf 84' lang='lat' dir='ltr'><strong>duplices</strong></span> <span class='ocrx_word' id='word_1_140' title='bbox 713 2344 877 2410; x_wconf 86' lang='lat' dir='ltr'><strong>illae</strong></span> <span class='ocrx_word' id='word_1_141' title='bbox 925 2342 1334 2427; x_wconf 85' lang='lat' dir='ltr'><strong>locutiones,</strong></span> <span class='ocrx_word' id='word_1_142' title='bbox 1397 2341 1649 2429; x_wconf 84' lang='lat' dir='ltr'><strong>quibus</strong></span> <span class='ocrx_word' id='word_1_143' title='bbox 1710 2364 1991 2409; x_wconf 88' lang='lat' dir='ltr'><strong>versum</strong></span> <span class='ocrx_word' id='word_1_144' title='bbox 2049 2350 2279 2409; x_wconf 80' lang='lat' dir='ltr'><strong>totum</strong></span> <span class='ocrx_word' id='word_1_145' title='bbox 2342 2346 2689 2433; x_wconf 88' lang='lat' dir='ltr'><strong>complere</strong></span> 
     </span>
     <span class='ocr_line' id='line_1_20' title="bbox 339 2447 2687 2521; baseline -0.001 0"><span class='ocrx_word' id='word_1_146' title='bbox 339 2453 624 2521; x_wconf 81' lang='lat' dir='ltr'><strong>solebat</strong></span> <span class='ocrx_word' id='word_1_147' title='bbox 668 2452 1034 2517; x_wconf 86' lang='lat' dir='ltr'><strong>Homerus.</strong></span> <span class='ocrx_word' id='word_1_148' title='bbox 1127 2450 1464 2515; x_wconf 85' lang='lat' dir='ltr'><strong>Attamen</strong></span> <span class='ocrx_word' id='word_1_149' title='bbox 1523 2447 1920 2515; x_wconf 87' lang='lat' dir='ltr'><strong>invenimus</strong></span> <span class='ocrx_word' id='word_1_150' title='bbox 1980 2450 2405 2517; x_wconf 89' lang='lat' dir='ltr'><strong>locutionem</strong></span> <span class='ocrx_word' id='word_1_151' title='bbox 2468 2452 2687 2519; x_wconf 89' lang='lat' dir='ltr'><strong>hanc:</strong></span> 
     </span>
     <span class='ocr_line' id='line_1_21' title="bbox 340 2555 2683 2649; baseline -0.002 -20"><span class='ocrx_word' id='word_1_152' title='bbox 340 2559 499 2629; x_wconf 77' lang='grc' dir='ltr'><strong>εἶπε</strong></span> <span class='ocrx_word' id='word_1_153' title='bbox 545 2558 850 2649; x_wconf 78' lang='grc' dir='ltr'><strong><em>φωνήσας</em></strong></span> <span class='ocrx_word' id='word_1_154' title='bbox 893 2556 1094 2625; x_wconf 90' lang='lat' dir='ltr'><strong>Pind.</strong></span> <span class='ocrx_word' id='word_1_155' title='bbox 1140 2555 1387 2622; x_wconf 89' lang='lat' dir='ltr'><strong>Isthm.</strong></span> <span class='ocrx_word' id='word_1_156' title='bbox 1437 2556 1542 2621; x_wconf 89' lang='lat' dir='ltr'><strong>VI</strong></span> <span class='ocrx_word' id='word_1_157' title='bbox 1585 2557 1708 2638; x_wconf 78' lang='lat'><strong>523</strong></span> <span class='ocrx_word' id='word_1_158' title='bbox 1768 2555 2035 2623; x_wconf 86' lang='lat' dir='ltr'><strong>Antim.</strong></span> <span class='ocrx_word' id='word_1_159' title='bbox 2100 2557 2307 2643; x_wconf 80' lang='lat' dir='ltr'><strong>frgm.</strong></span> <span class='ocrx_word' id='word_1_160' title='bbox 2367 2560 2444 2639; x_wconf 84' lang='lat'><strong>3;</strong></span> <span class='ocrx_word' id='word_1_161' title='bbox 2516 2559 2683 2625; x_wconf 90' lang='lat' dir='ltr'><strong>item</strong></span> 
     </span>
     <span class='ocr_line' id='line_1_22' title="bbox 337 2662 2681 2753; baseline -0.001 -19"><span class='ocrx_word' id='word_1_162' title='bbox 337 2662 768 2753; x_wconf 74' lang='grc' dir='ltr'><em>ἀμειβόμενος</em></span> <span class='ocrx_word' id='word_1_163' title='bbox 827 2664 957 2753; x_wconf 68' lang='grc' dir='ltr'><strong>ἔφα</strong></span> <span class='ocrx_word' id='word_1_164' title='bbox 1001 2663 1262 2729; x_wconf 82' lang='lat' dir='ltr'><strong>Bacch.</strong></span> <span class='ocrx_word' id='word_1_165' title='bbox 1313 2664 1376 2727; x_wconf 93' lang='lat' dir='ltr'><strong>V</strong></span> <span class='ocrx_word' id='word_1_166' title='bbox 1429 2663 1575 2730; x_wconf 88' lang='grc'><strong>160.</strong></span> <span class='ocrx_word' id='word_1_167' title='bbox 1671 2664 1889 2730; x_wconf 88' lang='lat' dir='ltr'><strong>Porro</strong></span> <span class='ocrx_word' id='word_1_168' title='bbox 1938 2685 2145 2751; x_wconf 88' lang='lat' dir='ltr'><strong>saepe</strong></span> <span class='ocrx_word' id='word_1_169' title='bbox 2206 2663 2520 2731; x_wconf 73' lang='lat' dir='ltr'><strong>inductio</strong></span> <span class='ocrx_word' id='word_1_170' title='bbox 2583 2666 2681 2731; x_wconf 88' lang='lat' dir='ltr'><strong>eis</strong></span> 
     </span>
     <span class='ocr_line' id='line_1_23' title="bbox 339 2769 2678 2859; baseline -0.002 -16"><span class='ocrx_word' id='word_1_171' title='bbox 339 2774 440 2843; x_wconf 86' lang='lat' dir='ltr'><strong>fit</strong></span> <span class='ocrx_word' id='word_1_172' title='bbox 507 2771 772 2858; x_wconf 85' lang='lat' dir='ltr'><strong>verbis,</strong></span> <span class='ocrx_word' id='word_1_173' title='bbox 845 2792 1024 2859; x_wconf 85' lang='lat' dir='ltr'><strong>quae</strong></span> <span class='ocrx_word' id='word_1_174' title='bbox 1108 2792 1352 2836; x_wconf 86' lang='lat' dir='ltr'><strong>vocem</strong></span> <span class='ocrx_word' id='word_1_175' title='bbox 1426 2769 1861 2836; x_wconf 82' lang='lat' dir='ltr'><strong>describunt:</strong></span> <span class='ocrx_word' id='word_1_176' title='bbox 1942 2769 2278 2859; x_wconf 72' lang='grc' dir='ltr'><strong><em>φθέγξατο</em></strong></span> <span class='ocrx_word' id='word_1_177' title='bbox 2340 2770 2678 2859; x_wconf 84' lang='lat' dir='ltr'><strong>Bacchyl.</strong></span> 
     </span>
     <span class='ocr_line' id='line_1_24' title="bbox 341 2872 2680 2966; baseline -0.002 -17"><span class='ocrx_word' id='word_1_178' title='bbox 341 2880 524 2949; x_wconf 89' lang='lat' dir='ltr'><strong>XIV</strong></span> <span class='ocrx_word' id='word_1_179' title='bbox 569 2881 694 2963; x_wconf 86' lang='lat'><strong>49;</strong></span> <span class='ocrx_word' id='word_1_180' title='bbox 767 2872 1258 2966; x_wconf 69' lang='grc' dir='ltr'><strong><em>ἀπεφθέγξατο</em></strong></span> <span class='ocrx_word' id='word_1_181' title='bbox 1317 2875 1517 2944; x_wconf 85' lang='lat' dir='ltr'><strong>Pind.</strong></span> <span class='ocrx_word' id='word_1_182' title='bbox 1581 2875 1686 2943; x_wconf 90' lang='lat' dir='ltr'><strong>Ol.</strong></span> <span class='ocrx_word' id='word_1_183' title='bbox 1736 2874 1838 2943; x_wconf 89' lang='lat' dir='ltr'><strong>VI</strong></span> <span class='ocrx_word' id='word_1_184' title='bbox 1904 2878 2061 2961; x_wconf 73' lang='lat'>1055</span> <span class='ocrx_word' id='word_1_185' title='bbox 2139 2875 2402 2965; x_wconf 77' lang='grc' dir='ltr'><strong><em>φώνασε</em></strong></span> <span class='ocrx_word' id='word_1_186' title='bbox 2478 2878 2680 2945; x_wconf 90' lang='lat' dir='ltr'><strong>Pind.</strong></span> 
     </span>
     <span class='ocr_line' id='line_1_25' title="bbox 343 2976 2679 3073; baseline -0.002 -18"><span class='ocrx_word' id='word_1_187' title='bbox 343 2988 452 3057; x_wconf 90' lang='lat' dir='ltr'><strong>Ol.</strong></span> <span class='ocrx_word' id='word_1_188' title='bbox 499 2987 690 3055; x_wconf 88' lang='lat' dir='ltr'><strong>XIII</strong></span> <span class='ocrx_word' id='word_1_189' title='bbox 733 2988 854 3067; x_wconf 79' lang='lat'><strong>953</strong></span> <span class='ocrx_word' id='word_1_190' title='bbox 923 2984 1122 3051; x_wconf 86' lang='lat' dir='ltr'><strong>Nem.</strong></span> <span class='ocrx_word' id='word_1_191' title='bbox 1183 2983 1256 3048; x_wconf 93' lang='lat' dir='ltr'>X</span> <span class='ocrx_word' id='word_1_192' title='bbox 1305 2984 1420 3064; x_wconf 78' lang='lat'><strong>76;</strong></span> <span class='ocrx_word' id='word_1_193' title='bbox 1491 2976 1667 3051; x_wconf 77' lang='grc' dir='ltr'><strong><em>ἄειδε</em></strong></span> <span class='ocrx_word' id='word_1_194' title='bbox 1726 2982 1865 3051; x_wconf 87' lang='lat' dir='ltr'><strong>Sol.</strong></span> <span class='ocrx_word' id='word_1_195' title='bbox 1916 2982 2125 3071; x_wconf 85' lang='lat' dir='ltr'><strong>frgm.</strong></span> <span class='ocrx_word' id='word_1_196' title='bbox 2172 2986 2283 3069; x_wconf 79' lang='grc'><strong>19,</strong></span> <span class='ocrx_word' id='word_1_197' title='bbox 2312 2986 2375 3067; x_wconf 88' lang='lat'><strong>3,</strong></span> <span class='ocrx_word' id='word_1_198' title='bbox 2445 2984 2679 3073; x_wconf 83' lang='lat' dir='ltr'><strong>qualia</strong></span> 
     </span>
     <span class='ocr_line' id='line_1_26' title="bbox 340 3094 1383 3163; baseline -0.005 -1"><span class='ocrx_word' id='word_1_199' title='bbox 340 3096 560 3163; x_wconf 87' lang='lat' dir='ltr'><strong>etiam</strong></span> <span class='ocrx_word' id='word_1_200' title='bbox 605 3094 952 3161; x_wconf 83' lang='lat' dir='ltr'><strong>Homerus</strong></span> <span class='ocrx_word' id='word_1_201' title='bbox 999 3096 1383 3157; x_wconf 86' lang='lat' dir='ltr'><strong>amaverat.</strong></span> 
     </span>
    </p>

    <p class='ocr_par' dir='ltr' id='par_1_6' title="bbox 345 3195 2677 3396">
     <span class='ocr_line' id='line_1_27' title="bbox 558 3195 2677 3285; baseline -0.002 -16"><span class='ocrx_word' id='word_1_202' title='bbox 558 3202 756 3269; x_wconf 81' lang='lat' dir='ltr'><strong>Haec</strong></span> <span class='ocrx_word' id='word_1_203' title='bbox 785 3198 1070 3265; x_wconf 88' lang='lat' dir='ltr'><strong>vincula</strong></span> <span class='ocrx_word' id='word_1_204' title='bbox 1099 3196 1480 3285; x_wconf 79' lang='lat' dir='ltr'><strong>lyricorum</strong></span> <span class='ocrx_word' id='word_1_205' title='bbox 1507 3195 2085 3263; x_wconf 72' lang='lat' dir='ltr'><strong>consuetudinem</strong></span> <span class='ocrx_word' id='word_1_206' title='bbox 2118 3218 2277 3263; x_wconf 90' lang='lat' dir='ltr'><strong>cum</strong></span> <span class='ocrx_word' id='word_1_207' title='bbox 2300 3197 2677 3265; x_wconf 86' lang='lat' dir='ltr'><strong>Homerica</strong></span> 
     </span>
     <span class='ocr_line' id='line_1_28' title="bbox 345 3309 873 3396; baseline -0.004 -20"><span class='ocrx_word' id='word_1_208' title='bbox 345 3309 802 3396; x_wconf 85' lang='lat' dir='ltr'><strong>coniungunt.</strong></span> <span class='ocrx_word' id='word_1_209' title='bbox 821 3309 873 3389; x_wconf 78' lang='lat'><strong>³)</strong></span> 
     </span>
    </p>

    <p class='ocr_par' dir='ltr' id='par_1_7' title="bbox 341 3408 2673 3611">
     <span class='ocr_line' id='line_1_29' title="bbox 554 3408 2673 3498; baseline -0.002 -16"><span class='ocrx_word' id='word_1_210' title='bbox 554 3416 816 3482; x_wconf 87' lang='lat' dir='ltr'><strong>Verum</strong></span> <span class='ocrx_word' id='word_1_211' title='bbox 849 3418 1088 3478; x_wconf 81' lang='lat' dir='ltr'><strong>tamen</strong></span> <span class='ocrx_word' id='word_1_212' title='bbox 1133 3416 1362 3477; x_wconf 88' lang='lat' dir='ltr'><strong>totum</strong></span> <span class='ocrx_word' id='word_1_213' title='bbox 1395 3410 1451 3475; x_wconf 89' lang='lat' dir='ltr'><strong>si</strong></span> <span class='ocrx_word' id='word_1_214' title='bbox 1483 3417 1761 3498; x_wconf 80' lang='lat' dir='ltr'><strong>spectas</strong></span> <span class='ocrx_word' id='word_1_215' title='bbox 1792 3408 2091 3497; x_wconf 84' lang='lat' dir='ltr'><strong>lyricum</strong></span> <span class='ocrx_word' id='word_1_216' title='bbox 2122 3433 2344 3497; x_wconf 86' lang='lat' dir='ltr'><strong>genus</strong></span> <span class='ocrx_word' id='word_1_217' title='bbox 2377 3410 2673 3495; x_wconf 84' lang='lat' dir='ltr'><strong>dicendi,</strong></span> 
     </span>
     <span class='ocr_line' id='line_1_30' title="bbox 341 3516 2673 3611; baseline -0.002 -20"><span class='ocrx_word' id='word_1_218' title='bbox 341 3523 565 3591; x_wconf 88' lang='lat' dir='ltr'><strong>maius</strong></span> <span class='ocrx_word' id='word_1_219' title='bbox 611 3522 677 3588; x_wconf 90' lang='lat' dir='ltr'><strong>ei</strong></span> <span class='ocrx_word' id='word_1_220' title='bbox 709 3516 1069 3611; x_wconf 90' lang='lat' dir='ltr'><strong>proprium</strong></span> <span class='ocrx_word' id='word_1_221' title='bbox 1099 3517 1296 3582; x_wconf 84' lang='lat' dir='ltr'><strong>vides</strong></span> <span class='ocrx_word' id='word_1_222' title='bbox 1327 3516 1695 3583; x_wconf 83' lang='lat' dir='ltr'><strong>brevitatis</strong></span> <span class='ocrx_word' id='word_1_223' title='bbox 1736 3524 1808 3582; x_wconf 93' lang='lat' dir='ltr'><strong>et</strong></span> <span class='ocrx_word' id='word_1_224' title='bbox 1838 3516 2312 3605; x_wconf 74' lang='lat' dir='ltr'><strong>simplicitatis</strong></span> <span class='ocrx_word' id='word_1_225' title='bbox 2346 3519 2673 3587; x_wconf 89' lang='lat' dir='ltr'><strong>studium.</strong></span> 
     </span>
    </p>
   </div>
   <div class='ocr_carea' id='block_1_6' title="bbox 341 3650 764 3665">
    <p class='ocr_par' dir='ltr' id='par_1_8' title="bbox 341 3650 764 3665">
     <span class='ocr_line' id='line_1_31' title="bbox 341 3650 764 3665; baseline 0 1294"><span class='ocrx_word' id='word_1_226' title='bbox 341 3650 764 3665; x_wconf 95' lang='lat' dir='ltr'><strong> </strong></span> 
     </span>
    </p>
   </div>
   <div class='ocr_carea' id='block_1_7' title="bbox 338 3693 2672 4039">
    <p class='ocr_par' dir='ltr' id='par_1_9' title="bbox 338 3693 2669 3954">
     <span class='ocr_line' id='line_1_32' title="bbox 553 3693 2669 3771; baseline -0.003 -14"><span class='ocrx_word' id='word_1_227' title='bbox 553 3705 606 3766; x_wconf 91' lang='grc'><strong>1)</strong></span> <span class='ocrx_word' id='word_1_228' title='bbox 643 3700 778 3755; x_wconf 84' lang='grc' dir='ltr'><strong>Η66</strong></span> <span class='ocrx_word' id='word_1_229' title='bbox 815 3695 1148 3753; x_wconf 87' lang='lat' dir='ltr'><strong>ostendunt</strong></span> <span class='ocrx_word' id='word_1_230' title='bbox 1184 3694 1362 3765; x_wconf 86' lang='lat' dir='ltr'><strong>pauci</strong></span> <span class='ocrx_word' id='word_1_231' title='bbox 1399 3696 1665 3747; x_wconf 88' lang='lat' dir='ltr'><strong>numeri:</strong></span> <span class='ocrx_word' id='word_1_232' title='bbox 1704 3693 2087 3749; x_wconf 84' lang='lat' dir='ltr'><strong>inductiones</strong></span> <span class='ocrx_word' id='word_1_233' title='bbox 2114 3693 2339 3749; x_wconf 86' lang='lat' dir='ltr'><strong>adsunt</strong></span> <span class='ocrx_word' id='word_1_234' title='bbox 2365 3697 2427 3750; x_wconf 88' lang='lat' dir='ltr'><strong>in</strong></span> <span class='ocrx_word' id='word_1_235' title='bbox 2452 3696 2669 3771; x_wconf 81' lang='lat' dir='ltr'><strong>fragm.</strong></span> 
     </span>
     <span class='ocr_line' id='line_1_33' title="bbox 341 3780 2669 3861; baseline -0.003 -14"><span class='ocrx_word' id='word_1_236' title='bbox 341 3792 424 3861; x_wconf 84' lang='lat'><strong>22,</strong></span> <span class='ocrx_word' id='word_1_237' title='bbox 464 3792 525 3845; x_wconf 88' lang='lat' dir='ltr'><strong>in</strong></span> <span class='ocrx_word' id='word_1_238' title='bbox 561 3787 825 3843; x_wconf 88' lang='lat' dir='ltr'><strong>Pindaro</strong></span> <span class='ocrx_word' id='word_1_239' title='bbox 854 3787 936 3855; x_wconf 88' lang='grc'><strong>18,</strong></span> <span class='ocrx_word' id='word_1_240' title='bbox 975 3786 1040 3839; x_wconf 89' lang='grc'><strong>111</strong></span> <span class='ocrx_word' id='word_1_241' title='bbox 1075 3781 1359 3855; x_wconf 83' lang='lat' dir='ltr'><strong>Bacchyl.</strong></span> <span class='ocrx_word' id='word_1_242' title='bbox 1389 3784 1480 3850; x_wconf 89' lang='lat'><strong>11;</strong></span> <span class='ocrx_word' id='word_1_243' title='bbox 1514 3786 1725 3837; x_wconf 84' lang='lat' dir='ltr'><strong>contra</strong></span> <span class='ocrx_word' id='word_1_244' title='bbox 1759 3781 2012 3837; x_wconf 84' lang='lat' dir='ltr'><strong>verbum</strong></span> <span class='ocrx_word' id='word_1_245' title='bbox 2054 3780 2211 3839; x_wconf 79' lang='grc' dir='ltr'><em>εἶπεν</em></span> <span class='ocrx_word' id='word_1_246' title='bbox 2249 3784 2569 3840; x_wconf 86' lang='lat' dir='ltr'><strong>exhibetur</strong></span> <span class='ocrx_word' id='word_1_247' title='bbox 2609 3788 2669 3841; x_wconf 88' lang='lat' dir='ltr'><strong>in</strong></span> 
     </span>
     <span class='ocr_line' id='line_1_34' title="bbox 338 3869 2055 3954; baseline -0.006 -18"><span class='ocrx_word' id='word_1_248' title='bbox 338 3881 552 3954; x_wconf 81' lang='lat' dir='ltr'><strong>fragm.</strong></span> <span class='ocrx_word' id='word_1_249' title='bbox 589 3879 757 3947; x_wconf 69' lang='lat' dir='ltr'><strong>giem,</strong></span> <span class='ocrx_word' id='word_1_250' title='bbox 796 3876 860 3930; x_wconf 88' lang='grc'><strong>111</strong></span> <span class='ocrx_word' id='word_1_251' title='bbox 898 3872 1159 3929; x_wconf 82' lang='lat' dir='ltr'><strong>Pindaro</strong></span> <span class='ocrx_word' id='word_1_252' title='bbox 1200 3872 1228 3927; x_wconf 87' lang='grc'><strong>7</strong></span> <span class='ocrx_word' id='word_1_253' title='bbox 1248 3872 1367 3941; x_wconf 67' lang='lat'><strong>¹²⁸⁸,</strong></span> <span class='ocrx_word' id='word_1_254' title='bbox 1405 3870 1470 3925; x_wconf 87' lang='lat' dir='ltr'><strong>in</strong></span> <span class='ocrx_word' id='word_1_255' title='bbox 1506 3869 1789 3943; x_wconf 83' lang='lat' dir='ltr'><strong>Bacchyl.</strong></span> <span class='ocrx_word' id='word_1_256' title='bbox 1831 3876 2055 3939; x_wconf 79' lang='lat' dir='ltr'><strong>quater.</strong></span> 
     </span>
    </p>

    <p class='ocr_par' dir='ltr' id='par_1_10' title="bbox 549 3960 2672 4039">
     <span class='ocr_line' id='line_1_35' title="bbox 549 3960 2672 4039; baseline -0.003 -16"><span class='ocrx_word' id='word_1_257' title='bbox 549 3970 606 4039; x_wconf 86' lang='lat'><strong>2)</strong></span> <span class='ocrx_word' id='word_1_258' title='bbox 641 3967 778 4023; x_wconf 85' lang='lat' dir='ltr'><strong>Hac</strong></span> <span class='ocrx_word' id='word_1_259' title='bbox 809 3980 1048 4035; x_wconf 86' lang='lat' dir='ltr'><strong>quoque</strong></span> <span class='ocrx_word' id='word_1_260' title='bbox 1083 3980 1148 4019; x_wconf 86' lang='lat' dir='ltr'><strong>re</strong></span> <span class='ocrx_word' id='word_1_261' title='bbox 1173 3961 1251 4017; x_wconf 85' lang='lat' dir='ltr'><strong>ad</strong></span> <span class='ocrx_word' id='word_1_262' title='bbox 1275 3960 1611 4017; x_wconf 80' lang='lat' dir='ltr'><strong>Homerum</strong></span> <span class='ocrx_word' id='word_1_263' title='bbox 1637 3962 2181 4033; x_wconf 81' lang='lat' dir='ltr'><strong>appropinquatum</strong></span> <span class='ocrx_word' id='word_1_264' title='bbox 2208 3962 2379 4017; x_wconf 89' lang='lat' dir='ltr'><strong>vides</strong></span> <span class='ocrx_word' id='word_1_265' title='bbox 2404 3963 2672 4035; x_wconf 84' lang='lat' dir='ltr'><strong>Bacchy-</strong></span> 
     </span>
    </p>
   </div>
   <div class='ocr_carea' id='block_1_8' title="bbox 337 4060 2667 4219">
    <p class='ocr_par' dir='ltr' id='par_1_11' title="bbox 337 4060 2667 4219">
     <span class='ocr_line' id='line_1_36' title="bbox 337 4060 2667 4219; baseline 0.023 -26"><span class='ocrx_word' id='word_1_266' title='bbox 337 4060 603 4219; x_wconf 53' lang='lat' dir='ltr'><strong>hdexmss)</strong></span> <span class='ocrx_word' id='word_1_267' title='bbox 641 4144 935 4201; x_wconf 76' lang='lat' dir='ltr'><strong>conferas</strong></span> <span class='ocrx_word' id='word_1_268' title='bbox 963 4142 1144 4196; x_wconf 83' lang='lat' dir='ltr'><strong>etiam</strong></span> <span class='ocrx_word' id='word_1_269' title='bbox 1184 4139 1430 4195; x_wconf 84' lang='lat' dir='ltr'><strong>Pindari</strong></span> <span class='ocrx_word' id='word_1_270' title='bbox 1471 4132 1799 4213; x_wconf 38' lang='lat' dir='ltr'><strong>§.naisso-‘bat</strong></span> <span class='ocrx_word' id='word_1_271' title='bbox 1842 4140 2019 4213; x_wconf 58' lang='lat' dir='ltr'><strong>Pyth·</strong></span> <span class='ocrx_word' id='word_1_272' title='bbox 2058 4138 2145 4195; x_wconf 67' lang='lat' dir='ltr'><strong>IV</strong></span> <span class='ocrx_word' id='word_1_273' title='bbox 2186 4144 2304 4209; x_wconf 59' lang='grc' dir='ltr'><strong>1Οῆ</strong></span> <span class='ocrx_word' id='word_1_274' title='bbox 2340 4140 2431 4195; x_wconf 72' lang='lat' dir='ltr'><strong>IX</strong></span> <span class='ocrx_word' id='word_1_275' title='bbox 2472 4144 2568 4209; x_wconf 67' lang='lat'><strong>⁷⁰3</strong></span> <span class='ocrx_word' id='word_1_276' title='bbox 2608 4148 2667 4197; x_wconf 56' lang='lat' dir='ltr'><strong>et</strong></span> 
     </span>
    </p>
   </div>
   <div class='ocr_carea' id='block_1_9' title="bbox 337 4231 1144 4315">
    <p class='ocr_par' dir='ltr' id='par_1_12' title="bbox 337 4231 1144 4315">
     <span class='ocr_line' id='line_1_37' title="bbox 337 4231 1144 4315; baseline -0.012 -20"><span class='ocrx_word' id='word_1_277' title='bbox 337 4234 634 4315; x_wconf 73' lang='grc' dir='ltr'><em>ἆγορεόειν</em></span> <span class='ocrx_word' id='word_1_278' title='bbox 671 4235 854 4308; x_wconf 77' lang='lat' dir='ltr'><strong>Pyth.</strong></span> <span class='ocrx_word' id='word_1_279' title='bbox 895 4231 980 4288; x_wconf 92' lang='lat' dir='ltr'><strong>IV</strong></span> <span class='ocrx_word' id='word_1_280' title='bbox 1019 4232 1144 4286; x_wconf 83' lang='lat'><strong>270.</strong></span> 
     </span>
    </p>
   </div>
  </div>
 </body>
</html>
