3200 4959
1291 342 1683 407 ,.73..

529 536 844 603 Primum
891 560 978 602 ex
1027 536 1160 603 hac
1207 560 1302 621 re,
1351 537 1536 623 quod
1577 536 1859 604 additur
1889 558 2395 626 nonnunquam
2442 537 2659 625 parti-

293 642 576 731 cipium
621 644 824 729 λέγων
868 644 956 711 ad
1002 666 1247 709 vocem
1311 642 1437 732 ἔφη
1483 644 1582 711 eis
1628 645 1819 728 lociS,
1882 644 2003 711 ubi
2066 644 2241 710 haec
2302 645 2455 733 ipsa
2515 666 2655 710 vox

291 747 432 838 ἔφη
508 749 812 817 orationi
879 750 1276 837 anteposita
1343 758 1452 816 est
1511 751 1601 818 cf.
1668 752 1845 817 VIII
1910 752 1991 817 13
2040 802 2055 817 .
2106 802 2119 817 .
2173 749 2353 839 ,ἔφη
2422 744 2480 816 δ’
2550 740 2659 817 οὖν

293 856 562 943 λέγων(
597 908 611 923 .
648 908 663 923 .
701 858 766 945 .>.
831 858 1054 945 Saepe
1089 856 1272 923 enim
1301 857 1600 943 legimus
1632 858 1815 924 hanc
1848 859 1961 924 vel
1992 858 2291 925 similem
2322 857 2657 945 loquendi

295 962 616 1029 formam
661 964 737 1029 in
789 964 1058 1031 Veteris
1107 964 1538 1029 Testamenti
1599 964 1796 1031 libris
1856 966 1946 1030 cf.
2011 962 2158 1032 εἶπε
2218 965 2420 1051 λέγων
2480 964 2656 1032 Gen.

297 1070 494 1135 VIII
543 1071 662 1153 15;
709 1070 822 1136 IX
866 1071 944 1154 83
993 1070 1209 1135 XVII
1245 1071 1362 1152 173
1412 1070 1676 1137 XXIII
1708 1073 1785 1153 3;
1846 1071 2096 1139 Iosuae
2141 1072 2178 1137 Ι
2215 1074 2286 1154 1;
2334 1072 2413 1137 ΙΙ
2456 1072 2533 1153 3;
2580 1072 2660 1151 4;

296 1176 408 1243 IV
465 1178 538 1258 1;
592 1178 708 1259 15;
771 1178 950 1244 adde
998 1177 1274 1263 Evang.
1325 1176 1494 1243 Luc.
1548 1178 1687 1243 VII
1733 1180 1852 1261 393
1912 1178 2055 1246 XV
2103 1181 2177 1254 3;
2240 1178 2389 1245 XX
2434 1179 2477 1243 2
2524 1186 2655 1245 etc.

530 1301 801 1368 Deinde
850 1302 1250 1369 annectitur
1309 1324 1814 1389 nonnunquam
1878 1303 1951 1368 in
2010 1302 2163 1390 ipso
2224 1302 2507 1390 dialogo
2570 1302 2658 1368 ad

299 1408 656 1475 sermonis
713 1408 936 1475 finem
997 1408 1352 1495 sequentis
1413 1408 1753 1475 sermonis
1812 1409 2163 1494 inducti0‚
2232 1432 2361 1475 nec
2423 1414 2659 1476 tamen

299 1514 459 1581 ulla
507 1514 858 1603 particula
906 1515 1382 1603 interponitur
1429 1516 1542 1581 vel
1587 1517 1699 1581 καὶ
1754 1515 1868 1581 vel
1937 1517 2005 1582 δέ
2058 1539 2188 1583 nee
2225 1516 2660 1583 inductionis

301 1623 610 1689 verbum
659 1622 762 1689 ita
797 1622 1202 1705 collocatur,
1249 1630 1332 1687 ut
1361 1622 1679 1711 proxime
1710 1632 2045 1709 sequatur
2074 1623 2293 1713 ipsius
2324 1624 2661 1690 orationis

305 1728 708 1811 exordium,
759 1730 878 1795 sed
925 1729 1318 1795 subiectum
1365 1728 1761 1797 intericitur
1806 1730 2000 1818 prius
2055 1738 2264 1818 atque
2314 1730 2659 1801 obiectum

305 1836 500 1902 sicut
547 1837 659 1902 III
711 1838 794 1903 15
837 1837 1010 1923 λέγει
1056 1836 1221 1925 πρὸς
1267 1828 1458 1903 αὐτὸν
1501 1829 1539 1903 ὁ
1589 1842 1997 1923 Φουρέττιοςς
2048 1838 2151 1905 IV
2198 1840 2323 1921 31;
2371 1838 2513 1903 VII
2549 1839 2661 1903 10:

305 1942 502 2009 idem
551 1952 752 2009 extra
800 1943 1162 2031 dialogum
1207 1943 1468 2009 accidit
1499 1944 1534 2009 Ι
1565 1946 1687 2026 583
1738 1945 1801 2011 V
1830 1945 1953 2027 54;
2001 1945 2113 2010 ΙΙΙ
2148 1947 2269 2027 23;
2318 1945 2664 2011 accedunt

303 2049 414 2117 illi
461 2050 624 2135 loci,
671 2050 924 2137 quibus
971 2051 1324 2119 obiectum
1357 2052 1602 2134 solum,
1652 2052 1835 2137 quod
1862 2058 1975 2117 ‘est
2006 2050 2171 2139 πρὸς
2198 2044 2412 2136 αὐτὸν,
2446 2051 2661 2118 verbo

305 2156 654 2247 adhaeret
697 2158 734 2223 Ι
779 2158 900 2241 81;
967 2158 1080 2223 III
1129 2160 1242 2239 133
1289 2157 1395 2222 IV
1439 2159 1522 2224 61
1575 2210 1590 2224 .
1628 2209 1643 2223 .
1681 2208 1695 2223 .
1734 2210 1747 2223 .
1798 2157 2049 2237 Qualia
2096 2158 2496 2247 saepissime
2558 2158 2661 2223 in-

311 2264 700 2331 veniuntur
745 2264 820 2329 in
879 2264 1032 2353 ipso
1092 2285 1368 2351 quoque
1431 2264 1713 2353 vulgari
1776 2288 2092 2332 sermone
2154 2266 2336 2333 sicut
2380 2266 2658 2353 Evang.

310 2370 468 2439 Ioh.
519 2370 557 2437 I
602 2372 722 2454 49;
783 2370 860 2437 II
905 2372 968 2457 4,
995 2372 1058 2456 ὃ,
1088 2372 1126 2436 7
1173 2378 1306 2439 etc.

535 2494 834 2561 Accedit
889 2495 1177 2563 tertium
1235 2496 1446 2584 idque
1507 2496 1739 2563 minus
1798 2518 2015 2584 grave
2077 2504 2203 2581 est,
2272 2497 2463 2583 quod
2520 2518 2661 2564 uno

315 2603 443 2669 illo
492 2602 648 2669 loco
668 2607 736 2686 ¹),
783 2601 908 2669 ubi
951 2601 1440 2689 interrogandi
1485 2602 1723 2691 aliquo
1755 2603 1971 2671 verbo
2002 2602 2385 2691 Dionysius
2417 2601 2661 2687 utitur,

315 2710 610 2777 verbum
657 2709 1032 2776 adhibetur
1077 2708 1318 2797 ἐρωτᾶν
1363 2710 1504 2776 VH
1552 2712 1657 2777 10.

535 2816 690 2881 Iam
733 2816 792 2882 si
841 2816 1013 2883 haec
1047 2817 1304 2901 omnia,
1351 2839 1532 2905 quae
1565 2817 1651 2885 de
1682 2816 2027 2905 Dionysio
2062 2815 2373 2901 disserui,
2420 2815 2663 2905 paucis

315 2921 791 3009 complector,
862 2944 1134 2991 summa
1202 2924 1378 2991 haec
1447 2924 1594 2989 fere
1664 2930 1801 2990 est:
1887 2922 2207 2990 variatur
2289 2924 2661 2989 verborum

319 3028 652 3112 delectUS,
701 3029 1068 3095 variantur
1112 3029 1392 3097 dicendi
1451 3032 1720 3099 fontes:
1791 3031 2031 3119 itaque
2092 3052 2315 3117 genus
2380 3028 2661 3117 aliquod

319 3135 599 3203 dicendi
631 3135 1020 3225 Dionysius
1051 3136 1360 3222 exhibet,
1399 3140 1582 3226 quod
1619 3137 1835 3205 etiam
1867 3137 2095 3223 magis
2126 3158 2339 3223 quam
2373 3136 2665 3203 Diodori

321 3264 546 3308 sermo
596 3243 684 3309 ab
733 3243 956 3311 attico
1005 3266 1135 3310 usu
1179 3251 1528 3311 remotum
1574 3244 1873 3312 videtur.

537 3423 590 3489 1)
629 3419 790 3474 Num
841 3420 1140 3491 pertineat
1191 3419 1324 3489 hoc,
1375 3420 1536 3488 quod
1587 3421 1789 3477 omnia
1835 3419 1967 3475 fere
2016 3418 2430 3493 interrogandi
2480 3419 2667 3476 verba

328 3508 664 3580 exstirpata
719 3514 880 3578 sunt,
937 3506 1011 3563 ad
1065 3508 1424 3565 Latinorum
1480 3525 1848 3579 sermonem,
1904 3510 2009 3565 ubi
2062 3510 2375 3565 rarissime
2428 3515 2666 3565 tantum

323 3596 676 3653 huiusmodi
713 3597 898 3653 verba
935 3596 1356 3666 admittuntur,
1395 3616 1503 3669 pro
1543 3604 1706 3654 certo
1746 3598 2013 3654 indicare
2046 3616 2171 3654 non
2207 3596 2419 3654 audeo.
2492 3598 2667 3655 Certe

321 3704 460 3741 cum
496 3686 858 3743 Latinorum
896 3702 1174 3741 sermone
1211 3686 1274 3739 in
1313 3702 1384 3740 ea
1423 3703 1661 3753 qnoque
1698 3705 1761 3743 re
1787 3687 2123 3759 Dinoysius
2148 3688 2469 3757 consentit,
2506 3687 2667 3755 quod

319 3792 626 3843 nunquam
667 3792 738 3831 ea
775 3776 962 3831 verba
1012 3781 1282 3846 usurpat,
1336 3792 1490 3843 quae
1541 3792 1751 3831 vocem
1800 3777 2031 3831 orantis
2084 3776 2465 3831 describunt:
2520 3777 2667 3831 talia

322 3868 484 3921 enim
533 3864 722 3919 verba
769 3872 840 3921 ut
887 3874 1024 3936 βοᾶν
1071 3881 1382 3936 nunquam
1433 3862 1564 3919 fere
1614 3865 1679 3921 in
1727 3865 2088 3921 Latinorum
2138 3866 2413 3921 oratione
2464 3864 2667 3921 soluta

319 3955 642 4026 leguntur:
699 3953 822 4007 nisi
869 3954 1028 4021 quod
1081 3970 1156 4009 ex
1205 3954 1378 4026 poesi
1425 3955 1490 4009 in
1545 3971 1786 4025 prosam
1839 3954 2173 4010 orationem
2223 3954 2483 4025 irrepere
2519 3954 2669 4009 talia

321 4045 624 4116 incipiunt
685 4042 826 4097 inde
877 4060 914 4099 a
967 4043 1161 4099 Livio.
1235 4044 1558 4115 Nunquam
1614 4060 1761 4099 vero
1829 4042 2178 4099 huiusmodi
2246 4042 2431 4098 verba
2499 4042 2667 4113 Cato,

323 4133 548 4201 Cicero,
588 4130 826 4201 Caesar,
866 4130 1186 4187 Cornelius
1221 4134 1442 4205 Nepos,
1479 4132 1787 4188 Salustius
1826 4132 2087 4201 habent;
2142 4148 2265 4187 uno
2302 4130 2435 4187 loco
2476 4130 2666 4188 Varro

321 4222 396 4278 de
433 4239 500 4277 re
547 4222 762 4277 rustic.
815 4221 845 4276 I
881 4223 970 4290 69,
987 4224 1024 4275 2
1059 4221 1310 4277 verbum
1367 4221 1617 4277 exhibet
1666 4221 1826 4289 quod
1864 4226 1959 4277 est
1997 4219 2352 4291 „clamare“:
2398 4226 2664 4277 attamen

321 4310 438 4368 hoc
477 4310 847 4367 Graecorum
885 4310 1240 4367 auctoritati
1277 4309 1666 4367 tribuendum
1704 4327 1840 4367 esse
1874 4318 2039 4384 puto.
