<?xml version="1.0" encoding="UTF-8"?>
<!DOCTYPE html PUBLIC "-//W3C//DTD XHTML 1.0 Transitional//EN"
    "http://www.w3.org/TR/xhtml1/DTD/xhtml1-transitional.dtd">
<html xmlns="http://www.w3.org/1999/xhtml" xml:lang="en" lang="en">
 <head>
  <title>
</title>
<meta http-equiv="Content-Type" content="text/html;charset=utf-8" />
  <meta name='ocr-system' content='tesseract 3.04.00' />
  <meta name='ocr-capabilities' content='ocr_page ocr_carea ocr_par ocr_line ocrx_word'/>
</head>
<body>
  <div class='ocr_page' id='page_1' title='image "./quomodoinducant00buengoog_0017.png"; bbox 0 0 3200 4959; ppageno 0'>
   <div class='ocr_carea' id='block_1_1' title="bbox 1251 330 1695 397">
    <p class='ocr_par' dir='ltr' id='par_1_1' title="bbox 1251 330 1695 397">
     <span class='ocr_line' id='line_1_1' title="bbox 1251 330 1695 397; baseline -0.002 -16"><span class='ocrx_word' id='word_1_1' title='bbox 1251 330 1695 397; x_wconf 75' lang='lat'><strong>...13-</strong></span> 
     </span>
    </p>
   </div>
   <div class='ocr_carea' id='block_1_2' title="bbox 295 525 2667 1040">
    <p class='ocr_par' dir='ltr' id='par_1_2' title="bbox 295 525 2667 1040">
     <span class='ocr_line' id='line_1_2' title="bbox 295 525 2649 616; baseline -0.001 -23"><span class='ocrx_word' id='word_1_2' title='bbox 295 528 547 612; x_wconf 88' lang='lat' dir='ltr'><strong>reddit,</strong></span> <span class='ocrx_word' id='word_1_3' title='bbox 609 548 690 593; x_wconf 88' lang='lat' dir='ltr'><strong>eo</strong></span> <span class='ocrx_word' id='word_1_4' title='bbox 754 527 982 615; x_wconf 88' lang='lat' dir='ltr'><strong>magis</strong></span> <span class='ocrx_word' id='word_1_5' title='bbox 1027 548 1283 616; x_wconf 79' lang='lat' dir='ltr'>operae</span> <span class='ocrx_word' id='word_1_6' title='bbox 1331 528 1637 615; x_wconf 86' lang='lat' dir='ltr'><strong>pretium</strong></span> <span class='ocrx_word' id='word_1_7' title='bbox 1704 525 1839 592; x_wconf 88' lang='lat' dir='ltr'><strong>erit</strong></span> <span class='ocrx_word' id='word_1_8' title='bbox 1894 526 2270 613; x_wconf 81' lang='lat' dir='ltr'><strong>inquirere,</strong></span> <span class='ocrx_word' id='word_1_9' title='bbox 2336 527 2499 613; x_wconf 87' lang='lat' dir='ltr'><strong>quia</strong></span> <span class='ocrx_word' id='word_1_10' title='bbox 2561 526 2649 592; x_wconf 88' lang='lat' dir='ltr'><strong>ad</strong></span> 
     </span>
     <span class='ocr_line' id='line_1_3' title="bbox 299 634 2667 719; baseline 0 -19"><span class='ocrx_word' id='word_1_11' title='bbox 299 634 710 701; x_wconf 75' lang='lat' dir='ltr'><strong>mutationis</strong></span> <span class='ocrx_word' id='word_1_12' title='bbox 759 657 1009 701; x_wconf 80' lang='lat' dir='ltr'><strong>causas</strong></span> <span class='ocrx_word' id='word_1_13' title='bbox 1056 634 1189 699; x_wconf 90' lang='lat' dir='ltr'><strong>hac</strong></span> <span class='ocrx_word' id='word_1_14' title='bbox 1252 634 1370 701; x_wconf 86' lang='lat' dir='ltr'><strong>via</strong></span> <span class='ocrx_word' id='word_1_15' title='bbox 1415 634 1868 716; x_wconf 82' lang='lat' dir='ltr'><strong>deducemur3</strong></span> <span class='ocrx_word' id='word_1_16' title='bbox 1934 656 2099 698; x_wconf 81' lang='lat' dir='ltr'><strong>nam</strong></span> <span class='ocrx_word' id='word_1_17' title='bbox 2146 654 2667 719; x_wconf 76' lang='lat' dir='ltr'><strong>cognoscemus</strong></span> 
     </span>
     <span class='ocr_line' id='line_1_4' title="bbox 297 740 2649 828; baseline -0.001 -21"><span class='ocrx_word' id='word_1_18' title='bbox 297 749 618 809; x_wconf 85' lang='lat' dir='ltr'><strong>mutuam</strong></span> <span class='ocrx_word' id='word_1_19' title='bbox 649 743 724 807; x_wconf 89' lang='lat' dir='ltr'><strong>in</strong></span> <span class='ocrx_word' id='word_1_20' title='bbox 750 741 1000 807; x_wconf 87' lang='lat' dir='ltr'><strong>litteris</strong></span> <span class='ocrx_word' id='word_1_21' title='bbox 1035 740 1306 828; x_wconf 83' lang='lat' dir='ltr'><strong>graecis</strong></span> <span class='ocrx_word' id='word_1_22' title='bbox 1343 740 1789 827; x_wconf 77' lang='lat' dir='ltr'><strong>romanisque</strong></span> <span class='ocrx_word' id='word_1_23' title='bbox 1822 740 2293 807; x_wconf 85' lang='lat' dir='ltr'><strong>imitationem</strong></span> <span class='ocrx_word' id='word_1_24' title='bbox 2326 740 2649 825; x_wconf 86' lang='lat' dir='ltr'><strong>valuisse,</strong></span> 
     </span>
     <span class='ocr_line' id='line_1_5' title="bbox 297 846 2652 937; baseline -0.001 -22"><span class='ocrx_word' id='word_1_25' title='bbox 297 872 478 937; x_wconf 85' lang='lat' dir='ltr'><strong>quae</strong></span> <span class='ocrx_word' id='word_1_26' title='bbox 525 848 724 915; x_wconf 84' lang='lat' dir='ltr'><strong>illum</strong></span> <span class='ocrx_word' id='word_1_27' title='bbox 775 848 863 913; x_wconf 91' lang='lat' dir='ltr'><strong>ad</strong></span> <span class='ocrx_word' id='word_1_28' title='bbox 911 848 1120 932; x_wconf 88' lang='lat' dir='ltr'><strong>hunc,</strong></span> <span class='ocrx_word' id='word_1_29' title='bbox 1181 848 1369 913; x_wconf 88' lang='lat' dir='ltr'><strong>hunc</strong></span> <span class='ocrx_word' id='word_1_30' title='bbox 1431 846 1522 913; x_wconf 85' lang='lat' dir='ltr'><strong>ad</strong></span> <span class='ocrx_word' id='word_1_31' title='bbox 1583 847 1782 913; x_wconf 85' lang='lat' dir='ltr'><strong>illum</strong></span> <span class='ocrx_word' id='word_1_32' title='bbox 1848 847 2259 934; x_wconf 80' lang='lat' dir='ltr'><strong>scriptorem</strong></span> <span class='ocrx_word' id='word_1_33' title='bbox 2320 848 2652 913; x_wconf 82' lang='lat' dir='ltr'><strong>admovet</strong></span> 
     </span>
     <span class='ocr_line' id='line_1_6' title="bbox 297 953 1381 1040; baseline -0.001 -19"><span class='ocrx_word' id='word_1_34' title='bbox 297 955 414 1021; x_wconf 87' lang='lat' dir='ltr'><strong>vel</strong></span> <span class='ocrx_word' id='word_1_35' title='bbox 461 955 680 1021; x_wconf 86' lang='lat' dir='ltr'><strong>alium</strong></span> <span class='ocrx_word' id='word_1_36' title='bbox 728 956 816 1020; x_wconf 84' lang='lat' dir='ltr'><strong>ab</strong></span> <span class='ocrx_word' id='word_1_37' title='bbox 864 954 1004 1021; x_wconf 86' lang='lat' dir='ltr'><strong>alio</strong></span> <span class='ocrx_word' id='word_1_38' title='bbox 1053 953 1381 1040; x_wconf 88' lang='lat' dir='ltr'><strong>seiungit.</strong></span> 
     </span>
    </p>
   </div>
   <div class='ocr_carea' id='block_1_3' title="bbox 294 1077 2651 2233">
    <p class='ocr_par' dir='ltr' id='par_1_3' title="bbox 294 1077 2651 2233">
     <span class='ocr_line' id='line_1_7' title="bbox 511 1077 2647 1167; baseline 0 -23"><span class='ocrx_word' id='word_1_39' title='bbox 511 1080 658 1144; x_wconf 86' lang='lat' dir='ltr'><strong>Nec</strong></span> <span class='ocrx_word' id='word_1_40' title='bbox 707 1100 850 1145; x_wconf 90' lang='lat' dir='ltr'><strong>non</strong></span> <span class='ocrx_word' id='word_1_41' title='bbox 899 1078 1032 1145; x_wconf 89' lang='lat' dir='ltr'><strong>hoc</strong></span> <span class='ocrx_word' id='word_1_42' title='bbox 1079 1078 1508 1145; x_wconf 87' lang='lat' dir='ltr'><strong>memineris:</strong></span> <span class='ocrx_word' id='word_1_43' title='bbox 1580 1077 1893 1167; x_wconf 81' lang='lat' dir='ltr'><strong>dispares</strong></span> <span class='ocrx_word' id='word_1_44' title='bbox 1955 1098 2103 1145; x_wconf 87' lang='lat' dir='ltr'><strong>esse</strong></span> <span class='ocrx_word' id='word_1_45' title='bbox 2152 1078 2389 1164; x_wconf 87' lang='lat' dir='ltr'><strong>aliquo</strong></span> <span class='ocrx_word' id='word_1_46' title='bbox 2438 1080 2647 1147; x_wconf 87' lang='lat' dir='ltr'><strong>modo</strong></span> 
     </span>
     <span class='ocr_line' id='line_1_8' title="bbox 294 1184 2647 1274; baseline 0 -23"><span class='ocrx_word' id='word_1_47' title='bbox 294 1193 572 1252; x_wconf 84' lang='lat' dir='ltr'><strong>nostras</strong></span> <span class='ocrx_word' id='word_1_48' title='bbox 633 1185 1078 1252; x_wconf 71' lang='lat' dir='ltr'><strong>inductiones</strong></span> <span class='ocrx_word' id='word_1_49' title='bbox 1142 1186 1232 1251; x_wconf 91' lang='lat' dir='ltr'><strong>ab</strong></span> <span class='ocrx_word' id='word_1_50' title='bbox 1292 1184 1743 1273; x_wconf 85' lang='lat' dir='ltr'><strong>antiquorum</strong></span> <span class='ocrx_word' id='word_1_51' title='bbox 1818 1184 2174 1269; x_wconf 83' lang='lat' dir='ltr'><strong>formulis3</strong></span> <span class='ocrx_word' id='word_1_52' title='bbox 2236 1206 2400 1251; x_wconf 83' lang='lat' dir='ltr'><strong>nam</strong></span> <span class='ocrx_word' id='word_1_53' title='bbox 2461 1186 2647 1274; x_wconf 86' lang='lat' dir='ltr'><strong>apud</strong></span> 
     </span>
     <span class='ocr_line' id='line_1_9' title="bbox 297 1291 2644 1381; baseline 0 -23"><span class='ocrx_word' id='word_1_54' title='bbox 297 1314 424 1358; x_wconf 84' lang='lat' dir='ltr'><strong>nos</strong></span> <span class='ocrx_word' id='word_1_55' title='bbox 469 1291 880 1381; x_wconf 86' lang='lat' dir='ltr'><strong>plerumque</strong></span> <span class='ocrx_word' id='word_1_56' title='bbox 928 1292 1210 1380; x_wconf 89' lang='lat' dir='ltr'><strong>quidem</strong></span> <span class='ocrx_word' id='word_1_57' title='bbox 1255 1292 1548 1358; x_wconf 86' lang='lat' dir='ltr'><strong>verbum</strong></span> <span class='ocrx_word' id='word_1_58' title='bbox 1593 1294 1821 1359; x_wconf 88' lang='lat' dir='ltr'><strong>solum</strong></span> <span class='ocrx_word' id='word_1_59' title='bbox 1852 1291 2331 1358; x_wconf 83' lang='lat' dir='ltr'><strong>inductionem</strong></span> <span class='ocrx_word' id='word_1_60' title='bbox 2376 1292 2644 1359; x_wconf 79' lang='lat' dir='ltr'><strong>efficit:</strong></span> 
     </span>
     <span class='ocr_line' id='line_1_10' title="bbox 295 1398 2651 1487; baseline 0 -22"><span class='ocrx_word' id='word_1_61' title='bbox 295 1406 542 1467; x_wconf 84' lang='lat' dir='ltr'><strong>contra</strong></span> <span class='ocrx_word' id='word_1_62' title='bbox 602 1400 838 1487; x_wconf 77' lang='lat' dir='ltr'><strong>plures</strong></span> <span class='ocrx_word' id='word_1_63' title='bbox 899 1420 1108 1465; x_wconf 85' lang='lat' dir='ltr'><strong>voces</strong></span> <span class='ocrx_word' id='word_1_64' title='bbox 1173 1400 1362 1486; x_wconf 87' lang='lat' dir='ltr'><strong>apud</strong></span> <span class='ocrx_word' id='word_1_65' title='bbox 1433 1398 1761 1486; x_wconf 87' lang='lat' dir='ltr'><strong>antiquos</strong></span> <span class='ocrx_word' id='word_1_66' title='bbox 1830 1398 2175 1465; x_wconf 86' lang='lat' dir='ltr'><strong>accedunt</strong></span> <span class='ocrx_word' id='word_1_67' title='bbox 2250 1420 2429 1486; x_wconf 86' lang='lat' dir='ltr'><strong>quae</strong></span> <span class='ocrx_word' id='word_1_68' title='bbox 2489 1422 2651 1465; x_wconf 83' lang='lat' dir='ltr'><strong>nus-</strong></span> 
     </span>
     <span class='ocr_line' id='line_1_11' title="bbox 296 1504 2649 1594; baseline -0 -21"><span class='ocrx_word' id='word_1_69' title='bbox 296 1527 508 1594; x_wconf 83' lang='lat' dir='ltr'><strong>quam</strong></span> <span class='ocrx_word' id='word_1_70' title='bbox 553 1506 668 1573; x_wconf 86' lang='lat' dir='ltr'><strong>vel</strong></span> <span class='ocrx_word' id='word_1_71' title='bbox 712 1528 873 1573; x_wconf 82' lang='lat' dir='ltr'><strong>raro</strong></span> <span class='ocrx_word' id='word_1_72' title='bbox 919 1506 994 1572; x_wconf 89' lang='lat' dir='ltr'><strong>in</strong></span> <span class='ocrx_word' id='word_1_73' title='bbox 1041 1513 1282 1573; x_wconf 88' lang='lat' dir='ltr'><strong>nostra</strong></span> <span class='ocrx_word' id='word_1_74' title='bbox 1328 1504 1573 1592; x_wconf 82' lang='lat' dir='ltr'><strong>lingua</strong></span> <span class='ocrx_word' id='word_1_75' title='bbox 1618 1504 2093 1571; x_wconf 87' lang='lat' dir='ltr'><strong>inveniuntur.</strong></span> <span class='ocrx_word' id='word_1_76' title='bbox 2189 1505 2438 1586; x_wconf 82' lang='lat' dir='ltr'><strong>Qualia</strong></span> <span class='ocrx_word' id='word_1_77' title='bbox 2484 1513 2649 1572; x_wconf 88' lang='lat' dir='ltr'><strong>sunt</strong></span> 
     </span>
     <span class='ocr_line' id='line_1_12' title="bbox 295 1607 2647 1701; baseline 0 -22"><span class='ocrx_word' id='word_1_78' title='bbox 295 1612 618 1701; x_wconf 83' lang='lat' dir='ltr'><strong>inprimis</strong></span> <span class='ocrx_word' id='word_1_79' title='bbox 679 1607 782 1679; x_wconf 71' lang='grc' dir='ltr'><strong>ὅτι</strong></span> <span class='ocrx_word' id='word_1_80' title='bbox 839 1612 1030 1700; x_wconf 89' lang='lat' dir='ltr'><strong>quod</strong></span> <span class='ocrx_word' id='word_1_81' title='bbox 1089 1612 1346 1679; x_wconf 89' lang='lat' dir='ltr'><strong>dicitur</strong></span> <span class='ocrx_word' id='word_1_82' title='bbox 1401 1611 1851 1679; x_wconf 83' lang='lat' dir='ltr'><strong>recitativum</strong></span> <span class='ocrx_word' id='word_1_83' title='bbox 1870 1660 1889 1695; x_wconf 85' lang='lat'><strong>,</strong></span> <span class='ocrx_word' id='word_1_84' title='bbox 1949 1632 2333 1698; x_wconf 88' lang='lat' dir='ltr'><strong>pronomen</strong></span> <span class='ocrx_word' id='word_1_85' title='bbox 2396 1613 2647 1679; x_wconf 89' lang='lat' dir='ltr'><strong>deinde</strong></span> 
     </span>
     <span class='ocr_line' id='line_1_13' title="bbox 295 1716 2649 1807; baseline -0 -21"><span class='ocrx_word' id='word_1_86' title='bbox 295 1719 927 1786; x_wconf 84' lang='lat' dir='ltr'><strong>demonstrativum</strong></span> <span class='ocrx_word' id='word_1_87' title='bbox 977 1758 1062 1769; x_wconf 94' lang='lat'><em>-</em></span> <span class='ocrx_word' id='word_1_88' title='bbox 1109 1716 1326 1785; x_wconf 79' lang='grc' dir='ltr'><em>τοιάδε</em></span> <span class='ocrx_word' id='word_1_89' title='bbox 1371 1726 1505 1785; x_wconf 87' lang='lat' dir='ltr'><strong>etc.</strong></span> <span class='ocrx_word' id='word_1_90' title='bbox 1565 1756 1647 1769; x_wconf 90' lang='lat'>-</span> <span class='ocrx_word' id='word_1_91' title='bbox 1705 1718 1889 1806; x_wconf 86' lang='lat' dir='ltr'><strong>quod</strong></span> <span class='ocrx_word' id='word_1_92' title='bbox 1938 1717 2327 1785; x_wconf 83' lang='lat' dir='ltr'><strong>orationem</strong></span> <span class='ocrx_word' id='word_1_93' title='bbox 2358 1741 2649 1807; x_wconf 88' lang='lat' dir='ltr'><strong>sequen-</strong></span> 
     </span>
     <span class='ocr_line' id='line_1_14' title="bbox 295 1815 2649 1913; baseline 0 -22"><span class='ocrx_word' id='word_1_94' title='bbox 295 1834 439 1891; x_wconf 89' lang='lat' dir='ltr'><strong>tem</strong></span> <span class='ocrx_word' id='word_1_95' title='bbox 485 1824 772 1909; x_wconf 87' lang='lat' dir='ltr'><strong>indicat,</strong></span> <span class='ocrx_word' id='word_1_96' title='bbox 833 1815 1134 1912; x_wconf 85' lang='lat' dir='ltr'><strong>denique</strong></span> <span class='ocrx_word' id='word_1_97' title='bbox 1191 1847 1450 1892; x_wconf 89' lang='lat' dir='ltr'><strong>nomen</strong></span> <span class='ocrx_word' id='word_1_98' title='bbox 1520 1847 1879 1913; x_wconf 88' lang='lat' dir='ltr'><strong>personae,</strong></span> <span class='ocrx_word' id='word_1_99' title='bbox 1952 1826 2043 1892; x_wconf 88' lang='lat' dir='ltr'><strong>ad</strong></span> <span class='ocrx_word' id='word_1_100' title='bbox 2114 1847 2326 1912; x_wconf 88' lang='lat' dir='ltr'><strong>quam</strong></span> <span class='ocrx_word' id='word_1_101' title='bbox 2373 1832 2649 1913; x_wconf 81' lang='lat' dir='ltr'><strong>spectat</strong></span> 
     </span>
     <span class='ocr_line' id='line_1_15' title="bbox 297 1929 2647 2019; baseline 0 -21"><span class='ocrx_word' id='word_1_102' title='bbox 297 1931 560 1998; x_wconf 89' lang='lat' dir='ltr'><strong>oratio:</strong></span> <span class='ocrx_word' id='word_1_103' title='bbox 624 1954 802 2019; x_wconf 87' lang='lat' dir='ltr'><strong>quae</strong></span> <span class='ocrx_word' id='word_1_104' title='bbox 864 1932 1102 1998; x_wconf 88' lang='lat' dir='ltr'><strong>omnia</strong></span> <span class='ocrx_word' id='word_1_105' title='bbox 1151 1954 1310 1997; x_wconf 88' lang='lat' dir='ltr'><strong>cum</strong></span> <span class='ocrx_word' id='word_1_106' title='bbox 1357 1939 1673 2019; x_wconf 91' lang='lat' dir='ltr'><strong>tempore</strong></span> <span class='ocrx_word' id='word_1_107' title='bbox 1720 1931 1833 1996; x_wconf 86' lang='lat' dir='ltr'><strong>vel</strong></span> <span class='ocrx_word' id='word_1_108' title='bbox 1880 1929 2023 1997; x_wconf 89' lang='lat' dir='ltr'><strong>stili</strong></span> <span class='ocrx_word' id='word_1_109' title='bbox 2068 1953 2323 2017; x_wconf 86' lang='lat' dir='ltr'><strong>genere</strong></span> <span class='ocrx_word' id='word_1_110' title='bbox 2372 1940 2647 1998; x_wconf 87' lang='lat' dir='ltr'><strong>mutato</strong></span> 
     </span>
     <span class='ocr_line' id='line_1_16' title="bbox 295 2036 2646 2104; baseline 0 -1"><span class='ocrx_word' id='word_1_111' title='bbox 295 2046 422 2104; x_wconf 86' lang='lat' dir='ltr'><strong>aut</strong></span> <span class='ocrx_word' id='word_1_112' title='bbox 469 2045 789 2104; x_wconf 82' lang='lat' dir='ltr'><strong>crescant</strong></span> <span class='ocrx_word' id='word_1_113' title='bbox 835 2045 962 2103; x_wconf 89' lang='lat' dir='ltr'><strong>aut</strong></span> <span class='ocrx_word' id='word_1_114' title='bbox 1005 2037 1415 2104; x_wconf 89' lang='lat' dir='ltr'><strong>minuantur</strong></span> <span class='ocrx_word' id='word_1_115' title='bbox 1459 2044 1530 2103; x_wconf 91' lang='lat' dir='ltr'><strong>et</strong></span> <span class='ocrx_word' id='word_1_116' title='bbox 1577 2059 1767 2104; x_wconf 89' lang='lat' dir='ltr'><strong>nunc</strong></span> <span class='ocrx_word' id='word_1_117' title='bbox 1812 2036 1946 2103; x_wconf 83' lang='lat' dir='ltr'><strong>hac</strong></span> <span class='ocrx_word' id='word_1_118' title='bbox 1992 2060 2177 2103; x_wconf 91' lang='lat' dir='ltr'><strong>nunc</strong></span> <span class='ocrx_word' id='word_1_119' title='bbox 2218 2037 2493 2104; x_wconf 86' lang='lat' dir='ltr'><strong>diversa</strong></span> <span class='ocrx_word' id='word_1_120' title='bbox 2538 2060 2646 2104; x_wconf 86' lang='lat' dir='ltr'><strong>ra-</strong></span> 
     </span>
     <span class='ocr_line' id='line_1_17' title="bbox 299 2144 2645 2233; baseline 0.001 -24"><span class='ocrx_word' id='word_1_121' title='bbox 299 2145 492 2211; x_wconf 91' lang='lat' dir='ltr'><strong>tione</strong></span> <span class='ocrx_word' id='word_1_122' title='bbox 555 2151 1006 2233; x_wconf 86' lang='lat' dir='ltr'><strong>usurpentur,</strong></span> <span class='ocrx_word' id='word_1_123' title='bbox 1069 2166 1320 2211; x_wconf 89' lang='lat' dir='ltr'><strong>causae</strong></span> <span class='ocrx_word' id='word_1_124' title='bbox 1382 2144 1500 2210; x_wconf 90' lang='lat' dir='ltr'><strong>hic</strong></span> <span class='ocrx_word' id='word_1_125' title='bbox 1561 2167 1837 2231; x_wconf 91' lang='lat' dir='ltr'><strong>quoque</strong></span> <span class='ocrx_word' id='word_1_126' title='bbox 1895 2144 2402 2231; x_wconf 86' lang='lat' dir='ltr'><strong>perquirendae</strong></span> <span class='ocrx_word' id='word_1_127' title='bbox 2462 2154 2645 2211; x_wconf 85' lang='lat' dir='ltr'><strong>s&#39;unt.</strong></span> 
     </span>
    </p>
   </div>
   <div class='ocr_carea' id='block_1_4' title="bbox 291 2268 2644 3103">
    <p class='ocr_par' dir='ltr' id='par_1_4' title="bbox 291 2268 2644 2977">
     <span class='ocr_line' id='line_1_18' title="bbox 510 2268 2642 2358; baseline 0.001 -23"><span class='ocrx_word' id='word_1_128' title='bbox 510 2270 658 2336; x_wconf 90' lang='lat' dir='ltr'><strong>Nec</strong></span> <span class='ocrx_word' id='word_1_129' title='bbox 703 2277 945 2337; x_wconf 85' lang='lat' dir='ltr'><strong>tamen</strong></span> <span class='ocrx_word' id='word_1_130' title='bbox 992 2270 1212 2336; x_wconf 87' lang='lat' dir='ltr'><strong>solam</strong></span> <span class='ocrx_word' id='word_1_131' title='bbox 1259 2268 1781 2335; x_wconf 87' lang='lat' dir='ltr'><strong>consuetudinis</strong></span> <span class='ocrx_word' id='word_1_132' title='bbox 1828 2268 2293 2335; x_wconf 89' lang='lat' dir='ltr'><strong>mutationem</strong></span> <span class='ocrx_word' id='word_1_133' title='bbox 2354 2276 2426 2334; x_wconf 93' lang='lat' dir='ltr'><strong>et</strong></span> <span class='ocrx_word' id='word_1_134' title='bbox 2482 2292 2642 2358; x_wconf 88' lang='lat' dir='ltr'><strong>pro-</strong></span> 
     </span>
     <span class='ocr_line' id='line_1_19' title="bbox 295 2375 2644 2465; baseline 0 -23"><span class='ocrx_word' id='word_1_135' title='bbox 295 2376 725 2465; x_wconf 88' lang='lat' dir='ltr'><strong>gressionem</strong></span> <span class='ocrx_word' id='word_1_136' title='bbox 770 2375 1159 2459; x_wconf 89' lang='lat' dir='ltr'><strong>delineabo,</strong></span> <span class='ocrx_word' id='word_1_137' title='bbox 1207 2377 1328 2441; x_wconf 90' lang='lat' dir='ltr'><strong>sed</strong></span> <span class='ocrx_word' id='word_1_138' title='bbox 1375 2375 1586 2441; x_wconf 81' lang='lat' dir='ltr'><strong>etiam</strong></span> <span class='ocrx_word' id='word_1_139' title='bbox 1636 2397 1813 2441; x_wconf 91' lang='lat' dir='ltr'><strong>unus</strong></span> <span class='ocrx_word' id='word_1_140' title='bbox 1874 2376 2164 2463; x_wconf 88' lang='lat' dir='ltr'><strong>quisque</strong></span> <span class='ocrx_word' id='word_1_141' title='bbox 2222 2375 2644 2464; x_wconf 87' lang='lat' dir='ltr'><strong>scriptorum</strong></span> 
     </span>
     <span class='ocr_line' id='line_1_20' title="bbox 295 2482 2641 2571; baseline -0 -22"><span class='ocrx_word' id='word_1_142' title='bbox 295 2504 676 2571; x_wconf 85' lang='lat' dir='ltr'><strong>quamnam</strong></span> <span class='ocrx_word' id='word_1_143' title='bbox 723 2482 833 2549; x_wconf 90' lang='lat' dir='ltr'><strong>his</strong></span> <span class='ocrx_word' id='word_1_144' title='bbox 890 2483 966 2548; x_wconf 91' lang='lat' dir='ltr'><strong>in</strong></span> <span class='ocrx_word' id='word_1_145' title='bbox 1009 2482 1216 2549; x_wconf 89' lang='lat' dir='ltr'><strong>rebus</strong></span> <span class='ocrx_word' id='word_1_146' title='bbox 1277 2484 1615 2570; x_wconf 87' lang='lat' dir='ltr'><strong>praebeat</strong></span> <span class='ocrx_word' id='word_1_147' title='bbox 1678 2482 2061 2568; x_wconf 86' lang='lat' dir='ltr'><strong>imaginem</strong></span> <span class='ocrx_word' id='word_1_148' title='bbox 2121 2505 2431 2571; x_wconf 88' lang='lat' dir='ltr'><strong>quasque</strong></span> <span class='ocrx_word' id='word_1_149' title='bbox 2495 2505 2641 2549; x_wconf 88' lang='lat' dir='ltr'><strong>ma-</strong></span> 
     </span>
     <span class='ocr_line' id='line_1_21' title="bbox 295 2588 2639 2676; baseline -0.001 -19"><span class='ocrx_word' id='word_1_150' title='bbox 295 2591 482 2657; x_wconf 86' lang='lat' dir='ltr'><strong>xime</strong></span> <span class='ocrx_word' id='word_1_151' title='bbox 525 2591 718 2676; x_wconf 87' lang='lat' dir='ltr'><strong>leges</strong></span> <span class='ocrx_word' id='word_1_152' title='bbox 763 2596 1040 2655; x_wconf 86' lang='lat' dir='ltr'><strong>secutus</strong></span> <span class='ocrx_word' id='word_1_153' title='bbox 1087 2590 1182 2655; x_wconf 87' lang='lat' dir='ltr'><strong>sit</strong></span> <span class='ocrx_word' id='word_1_154' title='bbox 1228 2610 1625 2675; x_wconf 86' lang='lat' dir='ltr'><strong>congeram.</strong></span> <span class='ocrx_word' id='word_1_155' title='bbox 1704 2588 1974 2654; x_wconf 89' lang='lat' dir='ltr'><strong>Deinde</strong></span> <span class='ocrx_word' id='word_1_156' title='bbox 2022 2588 2639 2655; x_wconf 86' lang='lat' dir='ltr'><strong>demonstrandum</strong></span> 
     </span>
     <span class='ocr_line' id='line_1_22' title="bbox 295 2694 2643 2783; baseline -0 -21"><span class='ocrx_word' id='word_1_157' title='bbox 295 2697 450 2781; x_wconf 91' lang='lat' dir='ltr'><strong>erit,</strong></span> <span class='ocrx_word' id='word_1_158' title='bbox 500 2697 684 2783; x_wconf 87' lang='lat' dir='ltr'><strong>quod</strong></span> <span class='ocrx_word' id='word_1_159' title='bbox 731 2696 1104 2762; x_wconf 87' lang='lat' dir='ltr'><strong>discrimen</strong></span> <span class='ocrx_word' id='word_1_160' title='bbox 1151 2694 1624 2761; x_wconf 87' lang='lat' dir='ltr'><strong>intercesserit</strong></span> <span class='ocrx_word' id='word_1_161' title='bbox 1669 2700 1739 2760; x_wconf 91' lang='lat' dir='ltr'><strong>et</strong></span> <span class='ocrx_word' id='word_1_162' title='bbox 1786 2694 1969 2760; x_wconf 91' lang='lat' dir='ltr'><strong>inter</strong></span> <span class='ocrx_word' id='word_1_163' title='bbox 2037 2718 2367 2782; x_wconf 87' lang='lat' dir='ltr'><strong>graecum</strong></span> <span class='ocrx_word' id='word_1_164' title='bbox 2431 2701 2643 2783; x_wconf 91' lang='lat' dir='ltr'><strong>atque</strong></span> 
     </span>
     <span class='ocr_line' id='line_1_23' title="bbox 291 2800 2642 2891; baseline -0.001 -21"><span class='ocrx_word' id='word_1_165' title='bbox 291 2802 597 2870; x_wconf 87' lang='lat' dir='ltr'><strong>latinum</strong></span> <span class='ocrx_word' id='word_1_166' title='bbox 659 2809 729 2867; x_wconf 92' lang='lat' dir='ltr'><strong>et</strong></span> <span class='ocrx_word' id='word_1_167' title='bbox 776 2803 960 2869; x_wconf 89' lang='lat' dir='ltr'><strong>inter</strong></span> <span class='ocrx_word' id='word_1_168' title='bbox 1008 2801 1374 2891; x_wconf 90' lang='lat' dir='ltr'><strong>antiquum</strong></span> <span class='ocrx_word' id='word_1_169' title='bbox 1436 2824 1518 2867; x_wconf 90' lang='lat' dir='ltr'><strong>ac</strong></span> <span class='ocrx_word' id='word_1_170' title='bbox 1579 2800 1801 2867; x_wconf 89' lang='lat' dir='ltr'><strong>nostri</strong></span> <span class='ocrx_word' id='word_1_171' title='bbox 1864 2802 2199 2889; x_wconf 88' lang='lat' dir='ltr'><strong>temporis</strong></span> <span class='ocrx_word' id='word_1_172' title='bbox 2258 2824 2479 2889; x_wconf 90' lang='lat' dir='ltr'><strong>genus</strong></span> <span class='ocrx_word' id='word_1_173' title='bbox 2541 2800 2642 2867; x_wconf 87' lang='lat' dir='ltr'><strong>di-</strong></span> 
     </span>
     <span class='ocr_line' id='line_1_24' title="bbox 294 2909 520 2977; baseline 0.004 -1"><span class='ocrx_word' id='word_1_174' title='bbox 294 2909 520 2977; x_wconf 90' lang='lat' dir='ltr'><strong>cendi.</strong></span> 
     </span>
    </p>

    <p class='ocr_par' dir='ltr' id='par_1_5' title="bbox 509 3014 2241 3103">
     <span class='ocr_line' id='line_1_25' title="bbox 509 3014 2241 3103; baseline 0 -20"><span class='ocrx_word' id='word_1_175' title='bbox 509 3015 626 3083; x_wconf 84' lang='lat' dir='ltr'><strong>Sic</strong></span> <span class='ocrx_word' id='word_1_176' title='bbox 672 3014 873 3082; x_wconf 87' lang='lat' dir='ltr'><strong>lineis</strong></span> <span class='ocrx_word' id='word_1_177' title='bbox 918 3015 1274 3082; x_wconf 87' lang='lat' dir='ltr'><strong>nonnullis</strong></span> <span class='ocrx_word' id='word_1_178' title='bbox 1321 3014 1757 3103; x_wconf 88' lang='lat' dir='ltr'><strong>propositum</strong></span> <span class='ocrx_word' id='word_1_179' title='bbox 1808 3015 2241 3083; x_wconf 87' lang='lat' dir='ltr'><strong>adumbravi.</strong></span> 
     </span>
    </p>
   </div>
   <div class='ocr_carea' id='block_1_5' title="bbox 293 3138 2643 3633">
    <p class='ocr_par' dir='ltr' id='par_1_6' title="bbox 293 3138 2643 3633">
     <span class='ocr_line' id='line_1_26' title="bbox 509 3138 2638 3227; baseline 0.001 -22"><span class='ocrx_word' id='word_1_180' title='bbox 509 3138 760 3205; x_wconf 83' lang='lat' dir='ltr'><strong>Restat</strong></span> <span class='ocrx_word' id='word_1_181' title='bbox 805 3148 886 3205; x_wconf 87' lang='lat' dir='ltr'><strong>ut</strong></span> <span class='ocrx_word' id='word_1_182' title='bbox 933 3161 1160 3227; x_wconf 87' lang='lat' dir='ltr'><strong>pauca</strong></span> <span class='ocrx_word' id='word_1_183' title='bbox 1206 3138 1422 3205; x_wconf 87' lang='lat' dir='ltr'><strong>verba</strong></span> <span class='ocrx_word' id='word_1_184' title='bbox 1469 3140 1826 3227; x_wconf 83' lang='lat' dir='ltr'><strong>proferam</strong></span> <span class='ocrx_word' id='word_1_185' title='bbox 1888 3140 1971 3204; x_wconf 91' lang='lat' dir='ltr'><strong>de</strong></span> <span class='ocrx_word' id='word_1_186' title='bbox 2019 3139 2119 3205; x_wconf 89' lang='lat' dir='ltr'><strong>eis</strong></span> <span class='ocrx_word' id='word_1_187' title='bbox 2163 3140 2331 3207; x_wconf 83' lang='lat' dir='ltr'><strong>viris</strong></span> <span class='ocrx_word' id='word_1_188' title='bbox 2394 3138 2638 3227; x_wconf 86' lang='lat' dir='ltr'><strong>doctis,</strong></span> 
     </span>
     <span class='ocr_line' id='line_1_27' title="bbox 293 3244 2641 3335; baseline 0 -22"><span class='ocrx_word' id='word_1_189' title='bbox 293 3246 412 3335; x_wconf 87' lang='lat' dir='ltr'><strong>qui</strong></span> <span class='ocrx_word' id='word_1_190' title='bbox 445 3244 620 3312; x_wconf 87' lang='lat' dir='ltr'><strong>mihi</strong></span> <span class='ocrx_word' id='word_1_191' title='bbox 646 3252 1171 3312; x_wconf 89' lang='lat' dir='ltr'><strong>antecesserunt</strong></span> <span class='ocrx_word' id='word_1_192' title='bbox 1196 3246 1378 3310; x_wconf 90' lang='lat' dir='ltr'><strong>hanc</strong></span> <span class='ocrx_word' id='word_1_193' title='bbox 1411 3245 1526 3311; x_wconf 88' lang='lat' dir='ltr'><strong>vel</strong></span> <span class='ocrx_word' id='word_1_194' title='bbox 1557 3244 1855 3311; x_wconf 89' lang='lat' dir='ltr'><strong>similem</strong></span> <span class='ocrx_word' id='word_1_195' title='bbox 1886 3267 2032 3311; x_wconf 90' lang='lat' dir='ltr'><strong>rem</strong></span> <span class='ocrx_word' id='word_1_196' title='bbox 2065 3248 2641 3333; x_wconf 80' lang='lat' dir='ltr'><strong>pertractand0.1)</strong></span> 
     </span>
     <span class='ocr_line' id='line_1_28' title="bbox 295 3351 2639 3441; baseline 0 -23"><span class='ocrx_word' id='word_1_197' title='bbox 295 3352 578 3419; x_wconf 85' lang='lat' dir='ltr'><strong>Scilicet</strong></span> <span class='ocrx_word' id='word_1_198' title='bbox 622 3352 974 3418; x_wconf 87' lang='lat' dir='ltr'><strong>neminem</strong></span> <span class='ocrx_word' id='word_1_199' title='bbox 1021 3351 1490 3435; x_wconf 87' lang='lat' dir='ltr'><strong>inveniebam,</strong></span> <span class='ocrx_word' id='word_1_200' title='bbox 1525 3352 1645 3439; x_wconf 89' lang='lat' dir='ltr'><strong>qui</strong></span> <span class='ocrx_word' id='word_1_201' title='bbox 1678 3352 1764 3416; x_wconf 92' lang='lat' dir='ltr'><strong>de</strong></span> <span class='ocrx_word' id='word_1_202' title='bbox 1796 3352 2039 3417; x_wconf 88' lang='lat' dir='ltr'><strong>eadem</strong></span> <span class='ocrx_word' id='word_1_203' title='bbox 2072 3375 2147 3418; x_wconf 90' lang='lat' dir='ltr'><strong>re</strong></span> <span class='ocrx_word' id='word_1_204' title='bbox 2180 3352 2639 3441; x_wconf 81' lang='lat' dir='ltr'><strong>disputasset3</strong></span> 
     </span>
     <span class='ocr_line' id='line_1_29' title="bbox 293 3458 2643 3547; baseline 0.001 -22"><span class='ocrx_word' id='word_1_205' title='bbox 293 3467 457 3525; x_wconf 88' lang='lat' dir='ltr'><strong>sunt</strong></span> <span class='ocrx_word' id='word_1_206' title='bbox 503 3467 762 3543; x_wconf 85' lang='lat' dir='ltr'><strong>tamen,</strong></span> <span class='ocrx_word' id='word_1_207' title='bbox 811 3458 930 3546; x_wconf 91' lang='lat' dir='ltr'><strong>qui</strong></span> <span class='ocrx_word' id='word_1_208' title='bbox 962 3458 1144 3524; x_wconf 91' lang='lat' dir='ltr'><strong>hanc</strong></span> <span class='ocrx_word' id='word_1_209' title='bbox 1176 3458 1291 3524; x_wconf 83' lang='lat' dir='ltr'><strong>vel</strong></span> <span class='ocrx_word' id='word_1_210' title='bbox 1324 3458 1516 3525; x_wconf 87' lang='lat' dir='ltr'><strong>illam</strong></span> <span class='ocrx_word' id='word_1_211' title='bbox 1549 3458 1980 3546; x_wconf 86' lang='lat' dir='ltr'><strong>quaestionis</strong></span> <span class='ocrx_word' id='word_1_212' title='bbox 2018 3470 2292 3547; x_wconf 87' lang='lat' dir='ltr'><strong>partem</strong></span> <span class='ocrx_word' id='word_1_213' title='bbox 2327 3461 2643 3547; x_wconf 87' lang='lat' dir='ltr'><strong>aggressi</strong></span> 
     </span>
     <span class='ocr_line' id='line_1_30' title="bbox 293 3566 576 3633; baseline 0.004 -2"><span class='ocrx_word' id='word_1_214' title='bbox 293 3566 576 3633; x_wconf 87' lang='lat' dir='ltr'><strong>fuerint.</strong></span> 
     </span>
    </p>
   </div>
   <div class='ocr_carea' id='block_1_6' title="bbox 293 3688 2641 3993">
    <p class='ocr_par' dir='ltr' id='par_1_7' title="bbox 293 3688 2641 3993">
     <span class='ocr_line' id='line_1_31' title="bbox 507 3688 2641 3759; baseline 0.001 -3"><span class='ocrx_word' id='word_1_215' title='bbox 507 3691 854 3757; x_wconf 84' lang='lat' dir='ltr'><strong>Disseruit</strong></span> <span class='ocrx_word' id='word_1_216' title='bbox 922 3690 1110 3755; x_wconf 90' lang='lat' dir='ltr'><strong>enim</strong></span> <span class='ocrx_word' id='word_1_217' title='bbox 1181 3690 1267 3755; x_wconf 88' lang='lat' dir='ltr'><strong>de</strong></span> <span class='ocrx_word' id='word_1_218' title='bbox 1337 3688 1753 3755; x_wconf 81' lang='lat' dir='ltr'><strong>inversionis</strong></span> <span class='ocrx_word' id='word_1_219' title='bbox 1822 3712 1952 3757; x_wconf 88' lang='lat' dir='ltr'><strong>usu</strong></span> <span class='ocrx_word' id='word_1_220' title='bbox 2020 3690 2110 3758; x_wconf 91' lang='lat' dir='ltr'><strong>H.</strong></span> <span class='ocrx_word' id='word_1_221' title='bbox 2184 3692 2499 3759; x_wconf 87' lang='lat' dir='ltr'><strong>Schoene</strong></span> <span class='ocrx_word' id='word_1_222' title='bbox 2567 3693 2641 3759; x_wconf 91' lang='lat' dir='ltr'><strong>in</strong></span> 
     </span>
     <span class='ocr_line' id='line_1_32' title="bbox 293 3796 2638 3885; baseline 0 -20"><span class='ocrx_word' id='word_1_223' title='bbox 293 3800 534 3865; x_wconf 79' lang='lat' dir='ltr'><strong>Museo</strong></span> <span class='ocrx_word' id='word_1_224' title='bbox 599 3798 948 3863; x_wconf 86' lang='lat' dir='ltr'><strong>Rhenano</strong></span> <span class='ocrx_word' id='word_1_225' title='bbox 1015 3804 1066 3865; x_wconf 90' lang='lat' dir='ltr'><strong>t.</strong></span> <span class='ocrx_word' id='word_1_226' title='bbox 1115 3797 1283 3862; x_wconf 88' lang='lat' dir='ltr'><strong>LIV</strong></span> <span class='ocrx_word' id='word_1_227' title='bbox 1341 3819 1407 3885; x_wconf 89' lang='lat' dir='ltr'><strong>p.</strong></span> <span class='ocrx_word' id='word_1_228' title='bbox 1457 3798 1625 3877; x_wconf 82' lang='lat'><strong>633;</strong></span> <span class='ocrx_word' id='word_1_229' title='bbox 1688 3796 1993 3883; x_wconf 87' lang='lat' dir='ltr'><strong>primum</strong></span> <span class='ocrx_word' id='word_1_230' title='bbox 2054 3798 2366 3865; x_wconf 88' lang='lat' dir='ltr'><strong>intentus</strong></span> <span class='ocrx_word' id='word_1_231' title='bbox 2426 3800 2638 3867; x_wconf 83' lang='lat' dir='ltr'><strong>fuisse</strong></span> 
     </span>
     <span class='ocr_line' id='line_1_33' title="bbox 295 3890 2641 3993; baseline -0 -21"><span class='ocrx_word' id='word_1_232' title='bbox 295 3906 577 3972; x_wconf 85' lang='lat' dir='ltr'><strong>videtur</strong></span> <span class='ocrx_word' id='word_1_233' title='bbox 619 3904 693 3969; x_wconf 91' lang='lat' dir='ltr'><strong>in</strong></span> <span class='ocrx_word' id='word_1_234' title='bbox 740 3904 1037 3970; x_wconf 87' lang='lat' dir='ltr'><strong>eundem</strong></span> <span class='ocrx_word' id='word_1_235' title='bbox 1083 3924 1286 3969; x_wconf 87' lang='lat' dir='ltr'><strong>usum</strong></span> <span class='ocrx_word' id='word_1_236' title='bbox 1333 3904 1424 3969; x_wconf 81' lang='lat' dir='ltr'><strong>M.</strong></span> <span class='ocrx_word' id='word_1_237' title='bbox 1475 3902 1931 3990; x_wconf 85' lang='lat' dir='ltr'><strong>Petschenig:</strong></span> <span class='ocrx_word' id='word_1_238' title='bbox 1981 3890 2175 3971; x_wconf 70' lang='lat' dir='ltr'><strong>Uber</strong></span> <span class='ocrx_word' id='word_1_239' title='bbox 2221 3905 2374 3971; x_wconf 89' lang='lat' dir='ltr'><strong>eine</strong></span> <span class='ocrx_word' id='word_1_240' title='bbox 2408 3906 2641 3993; x_wconf 87' lang='lat' dir='ltr'><strong>eigen-</strong></span> 
     </span>
    </p>
   </div>
   <div class='ocr_carea' id='block_1_7' title="bbox 295 4050 720 4061">
    <p class='ocr_par' dir='ltr' id='par_1_8' title="bbox 295 4050 720 4061">
     <span class='ocr_line' id='line_1_34' title="bbox 295 4050 720 4061; baseline 0 898"><span class='ocrx_word' id='word_1_241' title='bbox 295 4050 720 4061; x_wconf 95' lang='lat' dir='ltr'><strong> </strong></span> 
     </span>
    </p>
   </div>
   <div class='ocr_carea' id='block_1_8' title="bbox 298 4095 2639 4349">
    <p class='ocr_par' dir='ltr' id='par_1_9' title="bbox 298 4095 2639 4349">
     <span class='ocr_line' id='line_1_35' title="bbox 511 4095 2639 4173; baseline 0.001 -20"><span class='ocrx_word' id='word_1_242' title='bbox 511 4102 564 4169; x_wconf 90' lang='lat'><strong>1)</strong></span> <span class='ocrx_word' id='word_1_243' title='bbox 600 4099 812 4153; x_wconf 88' lang='lat' dir='ltr'><strong>Artem</strong></span> <span class='ocrx_word' id='word_1_244' title='bbox 850 4097 1043 4169; x_wconf 73' lang='lat' dir='ltr'><strong>ipsam</strong></span> <span class='ocrx_word' id='word_1_245' title='bbox 1091 4096 1276 4151; x_wconf 85' lang='lat' dir='ltr'><strong>huius</strong></span> <span class='ocrx_word' id='word_1_246' title='bbox 1328 4095 1702 4151; x_wconf 85' lang='lat' dir='ltr'><strong>inductionis</strong></span> <span class='ocrx_word' id='word_1_247' title='bbox 1754 4098 1954 4169; x_wconf 83' lang='lat' dir='ltr'><strong>tangit</strong></span> <span class='ocrx_word' id='word_1_248' title='bbox 2002 4098 2221 4155; x_wconf 87' lang='lat' dir='ltr'><strong>saltem</strong></span> <span class='ocrx_word' id='word_1_249' title='bbox 2270 4098 2480 4155; x_wconf 85' lang='lat' dir='ltr'><strong>Cicero</strong></span> <span class='ocrx_word' id='word_1_250' title='bbox 2532 4118 2639 4173; x_wconf 84' lang='lat' dir='ltr'><strong>pro</strong></span> 
     </span>
     <span class='ocr_line' id='line_1_36' title="bbox 298 4184 2639 4257; baseline -0.001 -12"><span class='ocrx_word' id='word_1_251' title='bbox 298 4190 503 4245; x_wconf 79' lang='lat' dir='ltr'><strong>Caelio</strong></span> <span class='ocrx_word' id='word_1_252' title='bbox 546 4190 627 4256; x_wconf 79' lang='lat'><strong>15,</strong></span> <span class='ocrx_word' id='word_1_253' title='bbox 675 4186 784 4241; x_wconf 87' lang='lat' dir='ltr'><strong>ubi</strong></span> <span class='ocrx_word' id='word_1_254' title='bbox 841 4186 992 4240; x_wconf 85' lang='lat' dir='ltr'><strong>illud</strong></span> <span class='ocrx_word' id='word_1_255' title='bbox 1029 4190 1125 4240; x_wconf 83' lang='lat' dir='ltr'><strong>est</strong></span> <span class='ocrx_word' id='word_1_256' title='bbox 1178 4184 1557 4255; x_wconf 81' lang='lat' dir='ltr'><strong>„inducere“;</strong></span> <span class='ocrx_word' id='word_1_257' title='bbox 1610 4185 1837 4257; x_wconf 81' lang='lat' dir='ltr'><strong>legitur</strong></span> <span class='ocrx_word' id='word_1_258' title='bbox 1886 4186 2337 4256; x_wconf 78' lang='lat' dir='ltr'><strong>„introducere“</strong></span> <span class='ocrx_word' id='word_1_259' title='bbox 2389 4187 2465 4243; x_wconf 83' lang='lat' dir='ltr'><strong>ad</strong></span> <span class='ocrx_word' id='word_1_260' title='bbox 2513 4190 2639 4244; x_wconf 83' lang='lat' dir='ltr'><strong>Att.</strong></span> 
     </span>
     <span class='ocr_line' id='line_1_37' title="bbox 302 4274 1126 4349; baseline -0.005 -16"><span class='ocrx_word' id='word_1_261' title='bbox 302 4280 384 4349; x_wconf 77' lang='lat'><strong>13,</strong></span> <span class='ocrx_word' id='word_1_262' title='bbox 426 4280 518 4347; x_wconf 79' lang='lat'><strong>193</strong></span> <span class='ocrx_word' id='word_1_263' title='bbox 569 4274 824 4342; x_wconf 83' lang='lat' dir='ltr'><strong>Quintil.</strong></span> <span class='ocrx_word' id='word_1_264' title='bbox 863 4277 912 4343; x_wconf 84' lang='lat'><strong>9,</strong></span> <span class='ocrx_word' id='word_1_265' title='bbox 952 4275 1002 4344; x_wconf 83' lang='lat'><strong>2,</strong></span> <span class='ocrx_word' id='word_1_266' title='bbox 1039 4276 1126 4329; x_wconf 80' lang='lat'><strong>30.</strong></span> 
     </span>
    </p>
   </div>
  </div>
 </body>
</html>
