3200 4959
1316 352 1715 419 -75-

561 552 724 619 Una
787 556 1066 616 tantum
1127 548 1358 615 forma
1415 548 1721 637 priscam
1778 556 2013 621 servat
2072 550 2441 615 verborum
2505 546 2686 615 εἶπεν

348 666 422 724 et
470 656 596 746 ἔφη
643 657 1184 741 distinctionem,
1246 665 1611 745 praeterea
1664 656 1875 723 nulla.
1967 654 2323 722 Infinitivi
2384 656 2686 720 formam

350 765 526 830 dico.
601 765 854 830 Severe
887 764 1072 829 enim
1105 763 1206 829 sic
1237 762 1768 850 distinguuntur
1798 762 2143 827 infinitivi
2176 762 2445 830 formae
2474 760 2688 827 εἰπεῖν

349 878 420 936 et
467 870 692 959 φάναι,
740 877 818 935 ut
865 892 1138 957 semper
1185 877 1657 958 anteponatur
1704 868 2005 936 orationi
2053 868 2264 935 εἰπεῖν
2308 906 2395 917 ———
2441 875 2689 955 quater

349 978 418 1043 in
452 977 878 1062 AlexandrO,
920 984 1169 1065 quater
1197 977 1272 1041 in
1304 977 1661 1043 Phocione
1690 1016 1802 1060 —-,
1836 976 2327 1063 interponatur
2366 974 2570 1063 φάναι
2599 1013 2685 1023 -

346 1084 486 1151 bis:
537 1083 922 1171 quinquies,

562 1208 675 1275 Sic
739 1209 824 1273 ad
897 1208 1234 1274 maiorem
1295 1207 1570 1274 dicendi
1631 1206 1988 1274 licentiam
2051 1206 2472 1273 Plutarchus
2531 1228 2689 1294 pro·

349 1315 533 1381 cedit
579 1338 710 1381 nec
756 1322 992 1381 tamen
1041 1315 1358 1402 neglegit
1405 1314 1804 1381 Atticorum
1854 1314 2366 1383 auctoritatem.

561 1440 771 1506 Cuius
817 1440 1038 1507 simile
1087 1441 1253 1529 quid
1302 1464 1387 1506 ex
1437 1440 1576 1506 alia
1622 1462 1697 1507 re
1745 1446 2057 1529 apparet.
2137 1440 2289 1505 Iam
2337 1440 2410 1503 in
2450 1438 2687 1503 Xeno-

349 1547 614 1635 phonte
662 1548 984 1613 nonnulli
1031 1548 1449 1613 exstiterunt
1497 1547 1655 1631 loci,
1704 1546 1950 1635 quibus
1997 1547 2350 1613 orationes
2382 1546 2687 1611 directae

348 1656 677 1740 genetivo
713 1654 948 1742 aliquo
983 1654 1302 1722 absoluto
1364 1654 1462 1721 sic
1497 1654 2031 1739 inducebantur,
2080 1661 2161 1719 ut
2193 1654 2529 1741 penderet
2574 1652 2687 1717 hic

348 1762 719 1849 genetivus
790 1760 1150 1829 absolutus
1208 1785 1248 1827 a
1309 1762 1672 1849 proximae
1734 1761 2069 1827 orationis
2128 1760 2533 1826 inductione
2596 1759 2686 1827 cf.

347 1891 414 1956 p.
449 1868 556 1934 47.
637 1868 1076 1957 Sequebatur
1105 1892 1262 1935 eum
1297 1869 1676 1935 Diodorus:
1728 1868 1817 1935 cf.
1852 1893 1918 1956 p.
1953 1869 2060 1937 67.
2138 1866 2478 1933 Attamen
2526 1889 2688 1953 age-

353 1974 557 2040 batur
603 1975 674 2041 in
707 1976 1186 2064 Xenophonte
1235 1982 1305 2041 et
1337 1976 1646 2043 Diodoro
1696 1976 1779 2041 de
1812 1975 2181 2065 perpaucis
2214 1972 2405 2040 locis.
2485 1974 2689 2039 Nunc

347 2082 422 2147 in
491 2082 876 2149 Plutarcho
950 2083 1049 2148 ita
1121 2082 1310 2149 aucti
1371 2089 1717 2171 apparent
1776 2089 1848 2147 et
1906 2106 2130 2171 paene
2190 2081 2550 2162 cumulati,
2609 2088 2691 2145 ut

347 2212 489 2255 non
537 2190 743 2257 modo
792 2188 1277 2277 interrogandi
1322 2190 1536 2255 verba
1585 2189 1684 2255 sic
1732 2196 2155 2277 usurpentur
2200 2195 2279 2254 ut
2310 2192 2689 2270 πυθομένου

348 2295 560 2361 Phoc.
631 2298 756 2379 29,
829 2297 946 2361 sed
1018 2295 1232 2361 etiam
1304 2295 1754 2383 participium
1832 2295 2128 2374 εἰπόντος
2209 2294 2423 2360 Phoc.
2496 2292 2685 2377 6¹⁰¹²⁸,

345 2401 548 2468 Alex.
632 2402 768 2468 bis:
843 2402 932 2469 cf.
1013 2402 1214 2469 Alex.
1293 2404 1380 2468 29
1456 2404 1564 2468 καὶ
1645 2406 2223 2487 Παρμενίωνος
2299 2399 2690 2478 εἰπόντος

345 2500 551 2595 (Ἐγώ
597 2508 733 2593 μὲν,
798 2509 856 2575 εἰ
902 2502 1318 2597 Ἀλέξανδρος
1379 2502 1560 2598 ἤμην,
1611 2507 1833 2593 ἔλαβον
1877 2504 1959 2576 ἂν
2015 2508 2245 2595 ταῦτα)
2308 2500 2555 2595 (Κάγώ,
2616 2506 2691 2594 νὴ

345 2608 506 2704 AR>
569 2610 804 2683 εἶπεν
866 2610 901 2683 ὖ
959 2608 1494 2703 Ἀλέξανδρος
1577 2616 1665 2703 (εἰ
1739 2616 2143 2703 Παρμενίων)
2206 2668 2220 2682 .
2272 2666 2286 2681 .
2340 2666 2352 2679 .
2408 2638 2456 2680 .:
2520 2613 2688 2678 item

350 2721 676 2810 φήσαντος
719 2723 921 2790 Alex,
971 2724 1078 2789 58.
1172 2723 1540 2789 Accedunt
1588 2722 1711 2789 alii
1756 2722 1961 2788 multi
2019 2722 2177 2805 loci,
2240 2721 2362 2788 ubi
2409 2742 2551 2786 non
2600 2720 2687 2787 ad

342 2828 820 2895 inductionem
893 2829 1222 2916 aliquam,
1293 2830 1412 2895 sed
1482 2830 1570 2895 ad
1646 2829 1835 2894 aliud
1907 2827 2329 2895 narrationis
2397 2826 2687 2893 verbum

344 2934 799 3023 participium
862 2935 1293 3002 annectitur:
1359 2936 1450 3002 cf.
1500 2936 1702 3001 Alex.
1751 2936 1870 3002 54:
1940 2940 2399 3025 Δημητρίου
2457 2934 2523 2999 δὲ·
2571 2987 2584 3001 .
2622 2986 2636 2999 .
2674 2984 2687 3000 .

341 3040 726 3120 εἰπόντος
773 3040 907 3131 (Μὴ
956 3041 1248 3131 φιλήσῃς·
1299 3030 1482 3121 οὗτος
1533 3042 1661 3130 γάρ
1705 3063 1779 3109 σε
1822 3040 2016 3129 μόνος
2062 3034 2137 3109 οὗ
2196 3039 2690 3129 προσκεκύνηκε)

343 3148 768 3215 διακλῖναι
813 3147 888 3215 τὸ
938 3150 1185 3239 φίλημα
1230 3148 1341 3215 τὸν
1385 3148 1779 3237 Αλέξανδρον
1812 3200 1825 3215 .
1864 3203 1877 3216 .
1916 3201 1929 3215 .
1966 3174 2018 3231 .;
2068 3148 2388 3215 similiter
2433 3146 2693 3234 legitur

339 3246 854 3342 ἀποκριναμένου
901 3256 1102 3322 Alex.
1138 3258 1258 3339 343
1308 3255 1514 3324 εἰπών
1545 3256 1747 3321 Alex.
1781 3256 1856 3339 9;
1904 3257 2026 3338 20;
2075 3258 2193 3338 31;
2246 3254 2458 3343 φήσας
2487 3254 2689 3320 Alex.

338 3430 589 3486 Accedit
614 3431 743 3501 hoc,
771 3430 932 3498 quod
957 3430 1032 3486 ad
1058 3433 1257 3504 ipsum
1295 3434 1662 3489 inversionis
1702 3450 1882 3489 usum
1923 3432 2271 3488 admittitur
2313 3432 2472 3489 εἶπεν
2518 3435 2617 3487 158
2646 3430 2693 3487 C

551 3520 740 3576 Porro
781 3519 930 3575 illud
980 3520 1250 3576 notabile
1301 3523 1482 3577 habet
1521 3522 1805 3579 Convivii
1856 3540 2083 3591 sei-mc,
2140 3520 2299 3589 quod
2351 3521 2483 3577 sola
2530 3520 2681 3575 haec

343 3609 518 3665 verba
555 3608 986 3665 admittuntur:
1025 3610 1148 3682 ἔφη,
1187 3609 1360 3679 εἶπεν,
1400 3612 1604 3684 ἔφησεν
1640 3644 1711 3653 --
1754 3613 1922 3666 152Α
1962 3644 2045 3679 -,
2084 3611 2471 3683 participium
2514 3606 2683 3665 εἰπών

340 3697 498 3765 quod
536 3700 924 3771 praeponitur
968 3701 1066 3755 150
1081 3698 1148 3770 E,
1185 3700 1594 3771 interponitur
1637 3700 1838 3769 149D3
1880 3704 1981 3755 149
1998 3700 2064 3755 F.
2115 3700 2333 3755 Nullae
2372 3704 2681 3773 praeterea

338 3787 699 3843 exhibentur
735 3806 934 3860 voceS,
972 3789 1091 3844 nisi
1131 3788 1291 3856 quod
1329 3787 1404 3844 ad
1443 3806 1546 3843 eos
1576 3806 1884 3844 sermones
1910 3788 2300 3859 inducendOS,
2344 3788 2447 3855 qui
2488 3788 2679 3860 ipsius

335 3874 561 3948 dialogi
601 3877 979 3933 orationibus
1032 3878 1398 3948 inseruntur,
1447 3876 1595 3931 haec
1647 3876 1832 3932 verba
1880 3884 2283 3951 usurpantur:
2345 3868 2683 3949 ἀπεκρίνατο

338 3965 534 4033 147Β;
575 3956 796 4040 ᾐνίξατο
841 3966 1037 4035 150F;
1077 3962 1350 4041 φράσαντι
1393 3965 1488 4022 τὸν
1519 3963 1771 4040 χρησμὸν
1812 3966 1990 4021 1520.

561 4053 734 4110 Unde
771 4055 946 4109 attici
984 4054 1211 4128 dialogi
1249 4056 1578 4111 auctoritas
1617 4054 1943 4111 manifesto
1984 4056 2192 4110 elucet.
2270 4054 2493 4109 Eadem
2544 4070 2689 4109 vero

338 4144 676 4199 auctoritas
733 4142 874 4198 inde
929 4160 1166 4211 quoque
1221 4151 1498 4216 apparet,
1556 4144 1717 4211 quod
1768 4152 2083 4216 separatur
2138 4142 2381 4210 quidem
2436 4144 2499 4197 in
2555 4144 2688 4215 ipso

339 4232 582 4305 dialogo
628 4235 690 4287 17
729 4233 879 4288 locis
919 4230 1292 4288 inductionis
1332 4233 1585 4288 verbum
1624 4251 1660 4287 a
1684 4250 1795 4288 suo
1823 4232 2119 4303 subiecto,
2158 4231 2511 4305 plerumque
2548 4248 2690 4287 vero

338 4320 687 4377 subiectum
723 4340 848 4377 una
885 4339 1020 4377 cum
1059 4321 1244 4377 verbo
1283 4322 1699 4394 interponitur
1733 4354 1803 4363 -
1842 4322 1910 4377 22
1926 4322 2056 4377 ¹0⁰⁵.
