3200 4959
1324 288 1727 355 -71-

563 482 680 551 Sic
738 484 961 549 multa
1024 489 1300 567 coeunt,
1369 490 1452 549 ut
1509 484 1584 549 in
1645 483 2011 551 clariorem
2072 484 2383 552 efferant
2444 485 2693 571 lucem,

345 598 701 678 quatenus
751 589 1132 678 Dionysius
1177 589 1594 657 Latinorum
1643 591 2137 658 auctoritatem
2183 592 2491 659 subierit.

561 716 933 781 Praeterea
981 714 1356 781 manifesto
1423 715 1556 783 hoo
1620 716 1967 784 videmus:
2042 716 2346 783 deletam
2408 739 2555 783 esse
2617 716 2693 782 in

348 821 695 909 Dionysio
742 820 1144 887 Atticorum
1189 820 1735 909 simplieitatem.

562 945 898 1012 Attamen
947 946 1203 1012 adsunt
1252 948 1323 1012 in
1371 948 1506 1013 hoc
1570 948 1909 1036 scriptore
1971 948 2311 1014 nonnulla
2373 948 2695 1036 quamvis

347 1076 582 1141 pauca
627 1052 908 1137 indicia,
957 1076 1136 1141 quae
1185 1054 1272 1119 ad
1319 1053 1599 1120 Atticos
1647 1075 1923 1142 quoque
1968 1054 2371 1142 respiciunt.

559 1177 1081 1264 Frequentatur
1140 1176 1326 1242 enim
1387 1177 1614 1264 magis
1662 1200 1872 1267 quam
1919 1179 1995 1244 in
2040 1178 2349 1246 Diodoro
2400 1178 2695 1245 verbum

341 1282 472 1373 ἔφη
525 1324 602 1332 -
652 1282 898 1365 40¹⁸¹¹⁸3
947 1306 1156 1371 porro
1203 1307 1411 1371 saepe
1459 1292 1888 1373 usurpantur
1934 1292 2165 1351 cetera
2213 1286 2450 1368 verba,
2515 1309 2693 1373 quae

343 1390 437 1456 ab
517 1390 751 1456 radice
834 1415 956 1479 φα·
1033 1391 1476 1457 derivantur:
1547 1390 1786 1480 ἔφησεν
1864 1391 2108 1477 19¹⁰¹¹³‚
2187 1397 2385 1481 φησίν
2462 1394 2691 1461 10³⁰¹¹⁸.

349 1496 692 1563 Attamen
765 1497 1200 1563 antecellunt
1261 1497 1390 1581 his,
1461 1520 1641 1585 quae
1704 1498 2130 1583 enumeravi,
2195 1498 2427 1566 verbis
2486 1522 2696 1567 voces

347 1604 521 1670 hae:
602 1600 790 1671 εἶπεν
853 1642 927 1653 -
996 1604 1082 1669 42
1099 1602 1242 1689 ¹⁰⁰⁸,
1305 1606 1475 1692 λέγει
1542 1644 1661 1655 —·-
1700 1605 1947 1689 2412112,
2040 1604 2246 1685 ἔλεξεν
2305 1646 2391 1655 -
2459 1606 2543 1671 18
2559 1607 2691 1693 ¹⁰⁰⁸,

341 1708 560 1797 ἔλεγον
629 1751 711 1759 -
782 1710 928 1795 bis;
1001 1712 1306 1795 accedit,
1369 1713 1557 1799 quod
1625 1736 1846 1801 prope
1916 1713 2331 1780 admovetur
2400 1715 2693 1780 verbum

341 1816 529 1884 εἶπεν
598 1819 684 1883 ad
735 1816 860 1907 ἔφη
919 1818 992 1882 in
1054 1818 1607 1907 interpositionis
1664 1842 1827 1885 usu:
1899 1820 2445 1909 interponitur
2504 1821 2691 1886 enim

345 1924 640 1990 verbum
677 1922 918 1991 εἶπεν
953 1925 1034 1990 12
1053 1923 1191 2007 ¹0⁰⁸3
1229 1934 1474 1991 eontra
1508 1950 1612 1992 an
1634 1926 2024 2014 teponitur
2054 1925 2089 1993 ἔ
2102 1952 2212 2016 φη
2242 1929 2282 1994 7
2304 1926 2517 2008 i‘³¹¹¹'⁵¹):
2566 1928 2689 2014 qui

341 2054 511 2097 usus
561 2031 830 2097 alienus
877 2037 1029 2097 erat
1077 2032 1166 2097 ab
1212 2032 1490 2101 Atticis.

565 2210 618 2277 1)
655 2209 789 2263 Hoc
827 2210 1294 2281 antepositionis
1347 2209 1619 2265 studium
1671 2211 1853 2265 etiam
1904 2211 2097 2283 magis
2154 2218 2400 2265 auctum
2452 2210 2694 2266 videtur

343 2299 412 2351 in
450 2296 633 2353 verbo
673 2303 853 2369 φησίν,
895 2298 1116 2371 quippe
1152 2298 1310 2366 quod
1349 2300 1669 2367 quinquies
1709 2300 1967 2354 orationi
2004 2305 2423 2371 anteponatur.
2497 2299 2695 2355 Aliter

340 2404 488 2441 vero
526 2403 624 2441 res
668 2403 734 2441 se
783 2386 968 2441 habet
1019 2388 1082 2441 in
1134 2404 1284 2443 voce
1337 2389 1572 2461 ἔφησενε
1628 2388 1723 2443 bis
1776 2389 1936 2442 enim
1987 2393 2225 2443 tantum
2274 2388 2391 2443 hoc
2441 2387 2693 2443 verbum

351 2475 760 2547 anteponitur.

559 2564 722 2619 Fieri
759 2582 882 2620 non
919 2570 1141 2637 potest,
1189 2570 1260 2619 ut
1310 2572 1539 2621 taceam
1577 2565 1679 2621 hic
1716 2564 1789 2619 de
1826 2582 1892 2621 re
1944 2565 2164 2633 aliqua,
2216 2583 2333 2633 qua
2382 2565 2514 2621 sola
2562 2564 2693 2621 fere

340 2660 580 2709 certum
617 2653 918 2725 quoddam
955 2654 1193 2710 dicendi
1230 2655 1552 2711 consilium
1604 2655 1775 2721 sequi
1827 2653 2070 2709 videtur
2106 2654 2459 2727 Dionysius
2533 2654 2689 2709 Nam

337 2748 414 2798 ut
450 2742 566 2797 hac
604 2760 686 2811 re,
726 2760 904 2810 quam
943 2744 1122 2799 modo
1161 2744 1442 2813 indicavi,
1481 2744 1572 2798 sic
1609 2744 1747 2797 aliis
1786 2759 2023 2810 quoque
2058 2742 2241 2799 rebus
2281 2748 2487 2815 aperte
2524 2759 2692 2815 sepa-

337 2842 556 2887 rantur
607 2849 788 2887 voces
843 2834 950 2905 ἔφη
1006 2841 1066 2887 et
1123 2834 1342 2905 ἔφησεν.
1417 2832 1612 2887 Semel
1668 2832 1827 2887 enim
1882 2838 2122 2887 tantum
2178 2834 2428 2887 verbum
2486 2836 2692 2904 ἔφησεν

339 2927 690 2992 usurpatur,
729 2919 832 2975 ubi
887 2920 1132 2988 obliqua
1181 2922 1372 2977 oratio
1420 2922 1486 2975 in
1536 2920 1829 2977 directam
1880 2922 2103 2977 transit
2138 2920 2229 2975 IX
2267 2922 2367 2989 523
2426 2927 2690 2977 ceterum

337 3015 450 3065 aut
487 3016 810 3081 separatur
844 3010 994 3065 haec
1030 3027 1152 3066 vox
1179 3028 1216 3065 a
1241 3012 1458 3067 ceteris
1497 3009 1769 3067 eiusdem
1806 3010 2143 3065 sententiae
2168 3008 2373 3065 verbis
2400 3042 2463 3051 -
2498 3013 2563 3065 13
2580 3010 2689 3055 10¹²ss

340 3130 412 3141 -·-
453 3104 560 3153 aut
597 3100 1004 3171 interponitur
1041 3100 1106 3155 in
1143 3100 1278 3173 ipso
1315 3099 1558 3172 dialogo
1606 3118 1727 3155 una
1778 3116 1913 3155 cum
1960 3116 2074 3156 suo
2125 3098 2398 3155 subiecto
2436 3098 2554 3153 VII
2595 3102 2691 3156 103

337 3187 490 3243 Vm
529 3191 632 3257 393
683 3186 776 3243 XI
811 3194 864 3243 4.
937 3188 1058 3243 Hic
1096 3206 1248 3244 usus
1301 3190 1536 3243 alienus
1575 3188 1818 3243 videtur
1855 3206 1891 3243 a
1928 3204 2077 3243 voce
2114 3190 2237 3261 ἔφη.
2309 3188 2433 3243 Nec
2488 3194 2691 3243 tamen

343 3278 558 3332 statim
596 3276 672 3332 de
709 3277 888 3332 initio
927 3279 1126 3349 operis
1165 3278 1227 3332 id
1279 3278 1514 3335 invenit
1564 3278 1839 3349 scriptor.
1916 3276 1987 3331 In
2038 3278 2251 3349 primis
2304 3277 2463 3331 enim
2514 3276 2687 3332 libris

339 3382 536 3432 usque
573 3366 652 3420 ad
691 3366 1014 3437 septimum
1057 3368 1118 3421 in
1159 3368 1292 3439 ipso
1319 3366 1556 3439 dialogo
1595 3382 2027 3433 nonnunquam
2052 3384 2173 3421 vox
2214 3368 2321 3439 ἔφη
2361 3366 2695 3438 interponi-

343 3462 449 3509 tur
484 3454 580 3508 111
617 3457 718 3523 333
757 3453 808 3508 V
847 3456 948 3521 8ος
1003 3454 1089 3508 VI
1127 3456 1226 3524 603
1277 3456 1422 3511 item
1461 3457 1707 3528 saepius
1746 3462 2061 3527 separatur
2098 3474 2219 3511 vox
2258 3456 2363 3528 ἔφη
2401 3472 2435 3510 a
2474 3456 2690 3511 ceteris

339 3542 614 3599 eiusdem
664 3543 1014 3597 sententiae
1068 3542 1272 3598 verbis
1313 3576 1374 3583 —
1422 3548 1482 3599 11
1503 3545 1623 3597 iens,
1708 3544 1941 3600 Deinde
1993 3560 2138 3601 vero
2194 3550 2467 3599 mutatur
2522 3546 2691 3599 vocis

345 3634 456 3704 ἔφη
495 3648 664 3689 usus.
741 3631 986 3703 Semper
1023 3632 1184 3687 enim
1220 3631 1352 3687 fere
1389 3650 1550 3687 nunc
1586 3633 1907 3689 adhibetur
1946 3640 2053 3688 aut
2090 3634 2153 3688 in
2180 3634 2536 3689 transitu»—
2562 3632 2691 3689 scil.

341 3738 417 3776 ex
477 3720 724 3787 obliqua
777 3726 926 3776 orat.
979 3721 1044 3776 in
1093 3720 1207 3775 dir.
1244 3752 1314 3761 -
1355 3722 1576 3775 15121182
1628 3729 1721 3776 ter
1770 3723 1835 3777 in
1886 3721 2061 3777 libris
2113 3721 2303 3776 1-V1
2354 3754 2424 3763 -
2473 3728 2580 3777 aut
2630 3723 2693 3777 in

339 3811 670 3865 iteratione
711 3808 830 3865 vu
874 3812 968 3864 17:
1027 3816 1238 3865 contra
1291 3826 1600 3876 nunquam
1654 3812 1715 3865 in
1768 3810 2023 3883 dialogO‚
2074 3828 2383 3877 nunquam
2436 3810 2693 3878 denique

337 3899 413 3955 ab
453 3898 722 3953 eiusdem
747 3899 1088 3953 sententiae
1113 3900 1330 3955 ceteris
1357 3898 1558 3955 verbis
1587 3905 1929 3973 separatum
1970 3900 2130 3955 unde
2156 3902 2423 3967 quinque
2449 3906 2689 3955 tanturn

346 3988 736 4059 excipiuntur
772 3986 921 4056 loci;
961 3995 1024 4043 et
1049 4000 1174 4045 tres
1200 3989 1442 4057 quidem
1469 3988 1713 4044 facilem
1737 3990 2205 4061 explicationem
2243 3988 2497 4056 habent3
2524 3996 2689 4045 ante·

341 4080 530 4132 cessit
569 4076 728 4131 enim
765 4075 864 4131 his
903 4076 1056 4133 locis
1092 4094 1302 4133 revera
1340 4078 1719 4135 orationibus
1759 4080 1864 4147 eis,
1916 4095 2067 4145 quas
2108 4078 2444 4151 Dionysius
2483 4078 2688 4149 refert,

340 4168 682 4222 orationum
719 4166 914 4237 prima
967 4182 1141 4238 pars:
1198 4174 1260 4221 et
1309 4166 1552 4234 quidem
1599 4168 1715 4223 hoc
1766 4185 1843 4223 ex
1892 4168 1981 4221 eis
2034 4166 2237 4222 verbis
2290 4168 2487 4223 elucet
2538 4186 2691 4235 quae

341 4255 670 4311 antemissa
719 4262 865 4309 sunt
916 4255 1296 4311 orationibus
1347 4254 1426 4310 cf.
1482 4255 1590 4326 XI,
1645 4258 1713 4311 26
1753 4260 1815 4311 οἱ
1869 4248 2279 4329 δίἷσμένως
2338 4260 2689 4331 δέχεσθαι
