3200 4959
1525 314 1927 379 ...54-

548 535 743 594 cum;
821 534 988 578 nam
1069 511 1186 577 hic
1263 532 1540 598 quoque
1620 510 1757 577 duo
1835 510 2095 596 gradus
2132 509 2644 595 'distinguendi
2712 516 2893 593 sunt,

547 641 846 705 quorum
894 618 1200 705 priorem
1245 616 1657 705 principalis
1704 623 2031 683 narrator
2077 624 2379 704 occupat
2422 656 2511 665 --
2542 616 2896 683 Aristode-

547 746 702 791 mus
725 724 870 791 scil.
897 725 1010 790 vel
1033 722 1402 811 Antiphon
1429 746 1544 805 -—-;
1579 724 1960 789 secundum
1992 722 2071 807 is,
2104 722 2224 810 qui
2255 722 2443 789 idem
2474 722 2897 810 colloquium

547 840 802 907 iterum
869 838 1112 897 narrat
1182 868 1272 881 --·
1331 828 1476 897 scil.
1547 828 2019 917 Apollodorus
2082 828 2193 895 vel
2256 828 2699 895 Adimantus.
2814 829 2899 894 In

553 938 1018 1005 Oeconomico
1102 936 1350 1003 deinde
1445 943 1869 1023 potestatem
1960 932 2237 1003 dicendi
2314 936 2638 1003 Socrates
2727 935 2899 1001 fecit

549 1042 1046 1111 Ischomache:
1115 1065 1282 1130 ergo
1331 1042 1410 1127 is,
1472 1042 1595 1128 qui
1653 1042 1909 1109 iterum
1956 1042 2158 1129 quasi
2218 1042 2573 1127 narrabat,
2638 1042 2897 1130 pr'unas

553 1156 788 1237 partes
835 1149 1083 1216 tribuit
1129 1148 1507 1237 principali
1555 1149 1925 1217 narratori.
2020 1150 2221 1229 Quod
2267 1156 2747 1238 permutatum
2794 1156 2899 1215 est

549 1257 624 1321 in
671 1256 992 1323 Platone.
1084 1256 1267 1323 Nam
1315 1254 1388 1321 in
1437 1262 1737 1341 utroque
1784 1255 2068 1343 dialogo
2130 1256 2269 1344 ipsi
2310 1248 2505 1343 loqui
2564 1264 2895 1343 pergunt,

553 1362 672 1449 qui
721 1362 974 1429 iterum
1020 1368 1346 1429 narrant:
1415 1361 1889 1449 Apollodorus
1950 1363 2279 1429 videlicet
2324 1370 2395 1429 et
2438 1362 2895 1443 Adimantus3

553 1490 718 1535 nam
765 1490 890 1534 suo
954 1468 1090 1556 ipsi
1151 1468 1454 1535 reddunt
1511 1490 1651 1552 ore,
1715 1492 1895 1555 quae
1956 1476 2375 1557 acceperant
2420 1491 2463 1535 a
2522 1468 2895 1557 principali

551 1582 948 1658 narratore3
997 1576 1236 1661 itaque
1283 1576 1358 1641 in
1403 1573 1829 1641 inductionis
1876 1576 2179 1643 formula
2225 1574 2353 1665 ἔφη
2398 1575 2600 1665 φάναι
2632 1616 2711 1625 --
2748 1576 2895 1643 scil.

553 1675 588 1747 ὃ
636 1675 1102 1771 Ἀριστόδημος
1131 1670 1240 1751 τὸν
1269 1682 1572 1770 Σωκράτη
1608 1734 1622 1750 .
1665 1734 1679 1750 .
1718 1734 1731 1749 .
1765 1720 1853 1731 ·—
1882 1682 2281 1749 traditionis
2320 1683 2579 1770 gradus
2624 1704 2897 1771 semper

555 1795 922 1878 apparent.
1015 1790 1358 1855 Attamen
1426 1788 1560 1854 hoc
1630 1788 2079 1855 immutatum
2146 1796 2253 1855 est
2315 1789 2387 1855 in
2448 1788 2594 1856 solo
2656 1789 2891 1857 initio:

557 1895 820 1962 diutius
867 1894 1045 1962 tales
1091 1894 1435 1961 formulae
1482 1901 1560 1961 ut
1608 1892 1733 1982 ἔφη
1778 1893 1983 1983 φάναι
2029 1894 2104 1959 in
2134 1895 2549 1961 Parmenide
2596 1895 2898 1961 retinen-

552 2008 686 2085 tur,
734 2002 926 2091 prius
973 2002 1047 2067 in
1087 2000 1430 2069 Convivio
1477 2000 1775 2089 simplex
1823 2000 2109 2068 verbum
2156 2001 2548 2089 perrumpit
2574 2040 2665 2051 -—-
2692 2000 2819 2091 ἔφη
2864 1995 2899 2067 ὃ

555 2108 892 2197 Σωκράτης
924 2159 938 2175 .
978 2159 991 2176 .
1029 2162 1042 2175 .
1077 2133 1194 2191 --;
1231 2108 1500 2175 scilicet
1529 2108 1798 2195 primus
1830 2107 1977 2195 ipse
2010 2114 2331 2175 narrator
2375 2107 2593 2175 verba
2638 2108 2898 2177 referre

553 2215 822 2303 incipit.
902 2216 998 2281 Et
1043 2216 1325 2303 quidem
1372 2213 1712 2281 similibus
1758 2213 1930 2281 locis
1975 2214 2051 2279 in
2097 2220 2391 2301 utroque
2440 2214 2721 2303 dialogo
2784 2214 2899 2281 hic

552 2322 890 2389 transitus
914 2322 1035 2391 fit:
1061 2345 1225 2387 nam
1252 2330 1326 2387 et
1346 2322 1419 2386 in
1441 2320 1815 2409 Symposio
1846 2321 1973 2386 174
1989 2321 2054 2386 A
2080 2360 2167 2369 —-—
2188 2309 2227 2409 ἦ
2252 2313 2309 2387 δ’
2332 2315 2403 2399 ὅς
2426 2362 2510 2371 —-
2536 2322 2706 2389 etin
2732 2323 2897 2389 Par-

553 2429 828 2493 menide
860 2430 984 2495 129
1003 2428 1062 2493 F
1079 2468 1164 2479 --
1181 2426 1306 2517 ἔφη
1330 2466 1402 2477 --
1426 2427 1524 2492 eis
1546 2426 1619 2492 id
1644 2426 1905 2492 accidit
1924 2426 2116 2511 locis,
2144 2426 2395 2513 quibus
2417 2428 2717 2496 iteratur
2740 2451 2891 2495 ora-

553 2534 764 2601 tionis
815 2534 1125 2601 inductio
1175 2541 1384 2621 atque
1417 2533 1765 2620 loquentis
1811 2532 2167 2601 memoria.
2244 2534 2390 2600 Nec
2438 2533 2570 2601 hoc
2616 2534 2889 2603 mirum.

559 2642 744 2707 Nam
789 2641 912 2707 ubi
959 2640 1183 2707 oratio
1233 2639 1470 2729 aliqua
1517 2639 1839 2728 inprimis
1884 2639 2183 2707 alacrior
2227 2640 2505 2728 longius
2537 2643 2890 2729 perdurat,

555 2748 643 2813 ad
712 2746 940 2836 ipsum
1013 2756 1287 2835 tempus
1359 2746 1723 2835 ipsamque
1792 2768 2167 2834 personam
2237 2746 2533 2814 oratoris
2592 2747 2893 2835 scriptor

554 2852 763 2918 facile
812 2852 1440 2941 appropinquatur.
1532 2853 1681 2919 Nec
1721 2859 1957 2919 tamen
2005 2853 2078 2917 in
2110 2851 2244 2919 hac
2276 2853 2505 2919 forma
2555 2852 2683 2919 sibi
2732 2877 2892 2920 con-

558 2966 701 3027 stat
747 2981 994 3025 sermo,
1086 2959 1312 3025 Immo
1361 2960 1604 3025 statim
1651 2982 1875 3049 paene
1924 2960 2009 3024 ad
2060 2958 2250 3047 prius
2297 2959 2467 3025 illud
2517 2958 2642 3049 ἕφη
2690 2959 2895 3051 φάναι

551 3066 666 3132 vel
697 3066 921 3132 simile
953 3065 1230 3155 utrique
1267 3064 1530 3153 dialogi
1563 3066 1877 3151 redeunt,
1927 3065 2175 3133 deinde
2223 3088 2459 3131 rursus
2508 3066 2894 3133 admittunt

552 3170 872 3260 quamvis
917 3172 1161 3261 paucis
1205 3172 1378 3239 locis
1440 3171 1733 3238 alteram
1792 3172 2123 3261 loquendi
2183 3170 2549 3239 rationem.
2641 3174 2893 3263 Itaque

552 3286 878 3345 neutrum
941 3278 1216 3345 dicendi
1286 3302 1508 3367 genus
1576 3286 1829 3367 regnat
1900 3285 2111 3367 atque
2180 3278 2563 3367 praevalet.
2657 3280 2752 3346 Et
2818 3280 2891 3345 in

552 3386 686 3451 hac
733 3407 807 3451 re
854 3385 1065 3473 plane
1128 3385 1478 3451 consentit
1523 3386 1731 3451 Plato
1793 3408 1952 3451 cum
2000 3384 2509 3475 Xenophonte:
2573 3385 2895 3453 dissentit

551 3513 718 3558 vero
767 3491 840 3557 in
888 3514 990 3575 ea,
1041 3492 1226 3578 quod
1263 3491 1450 3579 apud
1482 3491 2032 3579 Xenophontem
2078 3491 2151 3557 in
2198 3490 2551 3581 imperitia
2588 3494 2890 3579 quadam

557 3596 1013 3663 dicendi·hoc
1061 3598 1369 3687 positum
1415 3597 1715 3682 videtur,
1778 3598 1862 3663 de
1924 3621 2060 3685 quo
2110 3597 2406 3686 agimus,
2469 3598 2894 3666 inductionis

552 3726 808 3792 genua,
859 3704 1045 3792 apud
1093 3705 1465 3771 Platonem
1513 3726 1681 3771 vero
1728 3704 2073 3792 originem
2111 3704 2394 3772 deducit
2440 3706 2623 3772 idem
2672 3712 2893 3793 genus

552 3834 636 3877 ex
698 3810 983 3877 maioris
1046 3810 1521 3901 simplicitatis
1588 3811 1841 3878 studio.
1867 3818 1914 3897 l)
2005 3812 2290 3877 Recidit
2348 3810 2751 3901 Xenophon
2824 3812 2893 3878 in

552 3940 960 4003 sermonem,
1011 3940 1216 4003 quem
1261 3918 1400 3984 iam
1435 3924 1829 4006 spreverat:
1880 3925 2125 3985 contra
2157 3919 2525 3985 molestum
2558 3920 2893 3987 sermonis

549 4024 908 4090 vinculum
958 4024 1386 4111 destringere
1435 4032 1731 4090 conatur
1778 4026 2005 4103 Plato,
2070 4024 2143 4090 in
2206 4032 2466 4091 conatu
2527 4047 2691 4094 vero
2740 4026 2892 4117 ipso

673 4168 854 4293 emp?
882 4166 1126 4222 Scilicet
1187 4186 1296 4241 pro
1353 4167 1630 4243 longiore
1690 4166 1958 4223 formula
2014 4169 2120 4247 ἔφη
2176 4164 2349 4241 φάναι
2407 4166 2580 4225 Plato
2637 4169 2893 4245 simplex

555 4254 670 4311 ²1³1>
735 4254 754 4291 ¹
851 4260 941 4313 φη·
