3200 4959
1306 358 1695 423 ,25-

299 554 746 623 Herodotus,
839 553 1022 619 Nam
1070 551 1190 621 ina
1237 552 1630 621 formarum·
1684 548 1865 622 εἶπεν
1926 561 1998 617 et
2044 550 2251 637 ἔλεγεν
2311 551 2672 619 distinctio

305 662 549 731 attica
595 663 806 740 est31)
855 659 945 728 cf.
993 658 1180 730 infra
1228 682 1294 746 p.
1344 660 1450 726 31.

543 802 735 888 Ergo
784 810 1047 867 certam
1095 801 1448 890 quandam
1492 800 1795 867 formam
1851 800 2078 889 poetis
2141 808 2290 866 tum
2355 799 2673 888 ignotam

309 909 410 976 ad
466 908 885 975 severiorem
933 919 1133 973 usum
1183 905 1581 973 Herodotus
1628 908 1976 996 perduxit.

545 1015 758 1082 Cuius
805 1013 1029 1080 simile
1079 1013 1244 1101 quid
1291 1013 1366 1078 in
1415 1014 1552 1079 alia
1600 1034 1674 1080 re
1720 1014 2017 1081 invenio.

541 1158 852 1230 Verbum
899 1158 1085 1227 enim
1133 1147 1462 1243 ἇγορεύειν
1509 1158 1693 1252 apud
1743 1159 2127 1228 Homerum
2190 1166 2263 1228 et
2321 1160 2675 1247 sequentis

311 1264 666 1356 temporis
714 1270 962 1355 poetas
1010 1262 1202 1331 nullo
1236 1264 1442 1329 modo
1489 1286 1531 1328 a
1580 1264 1828 1331 ceteris
1861 1263 2089 1330 verbis
2123 1264 2398 1331 dicendi
2432 1264 2673 1330 distin-

312 1372 697 1459 guebatur.
792 1371 873 1437 Id
921 1377 1236 1438 mutatur
1281 1368 1351 1436 in
1396 1371 1780 1456 Herodoto,
1828 1371 1947 1437 ubi
1996 1372 2204 1442 certis
2250 1379 2528 1438 tantum
2577 1372 2675 1442 eis

310 1478 502 1545 locis
565 1478 939 1549 admissum
999 1485 1138 1562 est,
1213 1478 1464 1566 quibus
1528 1486 1849 1544 servatur
1911 1476 2144 1567 aliquo
2208 1480 2414 1548 modo
2478 1462 2673 1548 verbi

315 1585 530 1658 notio
578 1584 938 1675 primitiva
992 1584 1122 1671 „in
1168 1584 1495 1653 contione
1557 1585 1816 1674 loqui“‚
1880 1608 2058 1677 quae
2120 1586 2427 1654 metricis
2489 1593 2674 1656 certe

313 1694 409 1760 de
486 1691 712 1762 causis
774 1691 1002 1762 deleta
1063 1700 1216 1758 erat
1276 1691 1350 1763 in
1411 1692 1625 1780 poesi.
1719 1692 1902 1761 Nam
1964 1715 2388 1781 quamquam
2450 1692 2674 1783 ipsam

315 1800 514 1872 hanc
548 1797 908 1870 notionem
939 1821 1118 1869 unus
1149 1806 1426 1879 tantum
1459 1797 1677 1870 habet
1710 1799 1902 1868 locus
1934 1798 1969 1865 I
1994 1802 2100 1883 60,
2134 1798 2253 1870 ubi
2288 1799 2675 1872 orationem

314 1907 625 1972 verbum
658 1898 988 1992 ἀγορεύειν
1035 1905 1306 1976 inducit
1339 1929 1379 1970 a
1410 1905 1664 1995 legatis
1713 1907 1800 1976 ad
1834 1906 2298 1972 Athenienses
2334 1905 2672 1990 habitam,

318 2022 572 2080 tamen
643 2013 888 2078 similis
957 2036 1196 2079 sensus
1264 2012 1366 2078 ibi
1444 2035 1720 2100 quoque
1798 2020 2092 2100 apparet
2171 2013 2258 2078 cf.
2327 2013 2439 2078 III
2512 2015 2672 2096 1193

321 2121 438 2186 VI
485 2121 607 2202 973
655 2119 836 2185 VIII
882 2121 990 2203 29,
1038 2120 1156 2185 ubi
1206 2120 1430 2186 oratio
1478 2142 1621 2186 non
1670 2119 1759 2184 ab
1799 2142 1880 2185 eo
1930 2120 2104 2207 ipso,
2154 2144 2193 2186 a
2242 2143 2377 2208 quo
2442 2128 2671 2186 ortum

320 2226 559 2316 capit,
622 2226 1154 2314 pronuntiatur,
1217 2227 1334 2292 sed
1396 2226 1750 2314 perfertur
1808 2250 1933 2313 per
1992 2227 2316 2292 nuntium
2379 2227 2492 2291 111
2546 2229 2671 2293 119

322 2334 449 2400 vel
495 2354 911 2422 praeconem
960 2329 1062 2397 VI
1108 2334 1213 2417 97,
1264 2332 1441 2397 VIII
1487 2334 1593 2399 29.
1686 2333 1948 2421 Agitur
1995 2333 2179 2398 enim
2227 2334 2334 2399 his
2396 2357 2669 2421 quoque

319 2440 504 2508 locis
552 2440 638 2505 de
686 2438 1117 2505 orationibus
1162 2462 1293 2504 nec
1340 2439 1672 2527 colloquii
1719 2440 1942 2506 instar
1988 2464 2117 2505 nec
2163 2462 2398 2506 coram
2430 2440 2674 2528 paucis

322 2546 770 2614 auditoribus
818 2546 1290 2634 pronuntiatis
1337 2546 1455 2612 sed
1506 2570 1663 2611 cum
1712 2547 1988 2612 actione
2033 2548 2335 2635 quadam
2381 2546 2673 2613 solemni

322 2652 755 2721 coniunctis:
806 2674 1104 2741 quocum
1156 2653 1484 2720 cohaeret
1533 2661 1718 2718 certe
1753 2653 1937 2741 quod
1986 2653 2123 2720 alio
2159 2654 2311 2720 loco
2345 2647 2675 2740 ἀγορεύειν

329 2760 552 2826 etiam
601 2760 960 2827 oraculum
1009 2758 1293 2849 aliquod
1340 2758 1610 2825 inducit
1658 2761 1944 2826 metrice
1995 2760 2331 2849 scriptum
2394 2760 2458 2826 V
2504 2761 2589 2827 92
2612 2767 2671 2846 β,

325 2867 453 2933 ubi
498 2866 709 2932 facile
757 2888 992 2931 secum
1038 2866 1181 2931 fert
1226 2866 1379 2953 ipsa
1425 2866 1747 2934 recitatio
1797 2863 2175 2933 solemnem
2222 2868 2417 2933 vocis
2464 2867 2673 2933 subli-

322 2973 670 3039 mitatem.
765 2973 956 3059 Ergo
1005 2994 1093 3036 ne
1141 2972 1253 3037 hic
1303 2972 1582 3059 quidem
1629 2973 1825 3040 locus
1872 2998 1912 3040 a
1943 2993 2189 3040 norma
2225 2975 2503 3040 aberrat
2535 2998 2673 3062 qua

333 3102 478 3147 vox
510 3072 842 3167 ἇγορεύειν
873 3102 991 3146 eas
1025 3079 1374 3146 orationes
1408 3079 1717 3164 inchoat,
1768 3104 1945 3169 quae
1976 3082 2390 3149 solemniore
2440 3082 2671 3148 indole

329 3186 582 3254 ceteris
632 3186 1082 3253 antecellunt.

544 3329 879 3400 Videmus
911 3330 1009 3395 sio
1040 3330 1479 3397 Herodotum
1514 3331 1678 3396 dum
1712 3331 2049 3400 sermonis
2081 3331 2420 3419 pedestris
2469 3331 2673 3400 liber-

331 3443 481 3502 tate
529 3436 752 3506 utitur
799 3437 986 3525 ipsas
1033 3436 1472 3504 inductiones
1522 3436 1919 3525 orationum
1981 3438 2221 3525 generi
2282 3447 2353 3504 et
2406 3440 2674 3510 formae

331 3542 878 3612 accommodare.

543 3667 840 3736 Accedit
900 3667 1089 3736 aliud
1157 3688 1294 3754 quo
1371 3668 1886 3763 demonstretur
1943 3669 2252 3738 severius
2313 3677 2384 3737 et
2446 3669 2668 3737 acrius

330 3773 769 3844 Herodotum
829 3773 1045 3843 verba
1108 3773 1504 3844 distinxisse
1574 3796 1784 3861 quam
1855 3782 2121 3863 poetas.
2216 3777 2533 3844 Pertinet
2604 3781 2666 3841 'ui

332 3879 609 3967 quidem
657 3880 745 3948 ad
808 3880 1406 3969 compositionem,
1468 3903 1610 3949 non
1674 3882 1764 3947 ad
1825 3880 2238 3950 electionem
2298 3883 2668 3949 verbomm

332 3993 402 4051 et
469 3986 773 4052 maxime
842 4009 929 4052 ex
989 3989 1203 4054 verbo
1268 3986 1394 4076 ’ἐφη
1455 3996 1771 4076 apparet.
1868 3987 2419 4057 Collocationem
2481 3989 2660 4056 enim

549 4202 600 4270 1)
659 4199 817 4257 sunt
876 4200 1163 4259 nimirum
1225 4203 1331 4269 qui
1380 4208 1602 4276 negent
1663 4202 1987 4259 dialectum
2048 4203 2296 4257 atticam
2358 4204 2544 4261 ullam
2612 4209 2668 4261 ἐιι

332 4286 643 4347 Herodoto
667 4288 967 4348 habuisse
1003 4290 1454 4358 auctoritatem3
1493 4297 1761 4349 attamen
1800 4290 2075 4352 conferas
2113 4310 2168 4365 p.
2206 4294 2290 4352 29.
