3200 4959
1490 336 1887 407 -36—

731 534 1120 601 Verborum
1169 534 1478 601 delectus
1524 534 1599 601 in
1646 534 1745 601 eis
1791 534 2016 621 primo
2066 534 2321 601 obtutu
2367 533 2487 603 vix
2550 533 2861 599 diversus

517 642 794 707 videtur
827 664 868 707 a
894 642 1324 729 Thucydide.
1397 642 1667 707 Eadem
1700 641 1887 708 enim
1919 642 2273 709 usitantur
2302 643 2516 709 verba
2548 640 2857 708 dicendi:

514 770 654 813 vox
701 745 902 833 εἶπεν,
950 748 1218 814 formae
1267 748 1430 815 illae
1479 772 1521 813 a
1557 748 1793 815 radice
1838 750 1985 835 λεγ-
2028 748 2409 832 derivatae,
2456 769 2639 834 quae
2695 754 2861 825 sunt

514 856 716 940 λέγει,
782 853 1020 933 ἔλεξεν,
1081 853 1322 941 {leyen
1381 876 1589 943 porro
1639 853 1799 944 ἔφη,
1848 847 2269 943 ἀπεκρίνατο,
2298 849 2579 942 -ἠρώτα,
2640 848 2859 943 ἤρετο,-

515 967 878 1047 praeterea
926 961 1066 1030 alia
1109 961 1450 1029 nonnulla
1495 960 1735 1046 verba,
1784 984 1963 1048 quae
2011 961 2315 1028 afferam
2360 960 2569 1027 infra.

729 1087 988 1153 Contra
1034 1108 1202 1153 usus
1264 1086 1514 1153 horum
1577 1086 1949 1153 verborum
2009 1094 2233 1174 paene
2295 1092 2485 1153 totus
2545 1092 2861 1153 mutatur
2984 1126 2987 1129 -

516 1216 556 1258 a
603 1193 1104 1280 Xenophonte.

729 1299 1016 1365 Duabus
1083 1298 1460 1387 praecipue
1530 1298 1772 1366 rebus:
1842 1298 2145 1387 primum
2213 1299 2587 1369 verborum
2644 1298 2857 1363 inter-

425 1470 431 1475 .
514 1406 770 1494 positio
818 1406 1154 1473 maiorem
1205 1405 1390 1493 apud
1439 1428 1598 1471 eum
1646 1405 2037 1493 assequitur
2085 1405 2599 1490 auctoritatem,
2647 1426 2855 1492 porro

514 1519 789 1579 tantam
837 1512 1310 1599 frequentiam
1357 1513 1650 1579 verbum
1696 1510 1843 1601 ἔφη,
1904 1520 1985 1579 ut
2033 1534 2271 1579 omnes
2330 1520 2601 1579 ceteras
2646 1533 2853 1577 voces

512 1619 919 1706 longissime
965 1618 1322 1707 reprimat.

727 1746 923 1811 Haec
965 1746 1102 1811 duo
1135 1744 1516 1833 peculiaria
1549 1744 1854 1811 invicem
1886 1743 2281 1832 explicant:
2329 1744 2601 1812 scilicet
2644 1766 2854 1830 auge-

513 1860 629 1918 tur
657 1852 850 1917 verbi
875 1850 1002 1941 ἕφη
1022 1872 1206 1937 usus,
1231 1852 1400 1917 dum
1423 1851 1920 1937 frequentatur
1940 1849 2407 1937 interpositio.
2456 1850 2853 1920 Memineris

511 1982 714 2025 usum
775 1959 1284 2041 Herodoteum;
1356 1958 1530 2023 illud
1592 1957 1783 2040 dice,
1852 1958 2039 2043 quod
2104 1956 2177 2021 in
2248 1957 2393 2023 solo
2456 1958 2669 2023 verbo
2730 1955 2855 2047 ἔφη

512 2064 1114 2153 interpositionem
1185 2064 1467 2131 admisit
1537 2063 1957 2131 Herodotus.
2050 2063 2244 2129 Idem
2314 2084 2479 2131 vero
2551 2084 2712 2157 usus
2780 2063 2853 2127 in

512 2172 988 2260 Xenophonte
1036 2171 1412 2256 invenitur,
1461 2172 1633 2259 quin
1678 2171 1891 2237 etiam
1938 2170 2013 2235 in
2059 2170 2284 2237 maius
2334 2177 2579 2236 auctus
2627 2176 2732 2237 est
2768 2192 2849 2235 ea

513 2301 605 2363 re,
659 2279 846 2365 quod
893 2278 1033 2344 iam
1081 2300 1440 2365 nunquam
1485 2278 1635 2343 fere
1684 2277 1974 2344 verbum
2022 2276 2148 2366 ἔφη
2193 2278 2648 2365 anteponitur
2702 2300 2853 2343 ora-

511 2385 708 2451 tioni.
789 2386 1054 2451 Contra
1088 2391 1318 2449 cetera
1352 2384 1566 2449 verba
1599 2404 1873 2471 semper
1904 2390 2464 2471 anteponuntur:
2496 2384 2633 2449 nisi
2665 2384 2851 2469 quod

511 2491 968 2559 intercalatur
1015 2490 1305 2556 verbum
1354 2487 1535 2557 εἶπεν
1583 2488 1903 2577 quamvis
1948 2490 2383 2579 paucissimis
2430 2489 2620 2556 locis.

725 2617 878 2683 Iam
937 2637 1104 2683 vero
1151 2615 1285 2681 hoc
1333 2615 1480 2681 fere
1528 2615 1953 2682 monendum
2016 2615 2315 2681 videtur.
2410 2614 2579 2681 Dixi
2638 2623 2845 2681 antea

513 2722 962 2789 historiarum
1021 2720 1396 2809 scriptores
1459 2742 1731 2809 semper
1790 2744 1862 2787 se
1896 2721 2249 2809 applicare
2300 2723 2389 2787 ad
2437 2724 2849 2789 anteceden-

501 2829 686 2917 tium
721 2849 940 2915 genus
973 2828 1269 2893 dicendi.
1341 2828 1592 2894 Nonne
1626 2829 1957 2894 decedere
1990 2827 2269 2893 videtur
2300 2828 2389 2895 ab
2422 2829 2555 2895 hac
2602 2850 2847 2895 norma

505 2933 930 3023 Xenophon,
981 2956 1138 3000 cum
1186 2940 1555 3022 tantopere
1604 2934 1917 3001 diversus
1965 2934 2056 2999 sit
2102 2934 2249 3001 eius
2296 2956 2518 3001 sermo
2571 2958 2611 3001 a
2660 2936 2846 3001 'Phu-

507 3040 849 3129 cydideo‘?
943 3042 1284 3107 Attamen
1347 3040 1570 3107 vincit
1630 3041 1703 3107 in
1750 3040 2228 3129 Xenophonte
2275 3040 2623 3125 ‘historiae
2687 3065 2846 3108 auc-

505 3149 868 3215 toritatem
911 3170 1100 3221 nova
1146 3147 1286 3213 vis:
1337 3148 1605 3234 dialogi
1652 3148 1809 3213 dico
1844 3148 2378 3229 auctoritatem3
2428 3172 2593 3217 nam
2624 3150 2846 3237 plera-

505 3277 640 3340 que
687 3254 969 3341 quidem
1017 3253 1516 3341 Xenophontis
1561 3254 1825 3341 scripta
1872 3254 2141 3340 dialogi
2187 3262 2348 3319 sunt
2414 3263 2487 3320 et
2544 3256 2617 3321 in
2680 3256 2849 3343 ipsis

505 3360 854 3427 historicis
902 3361 1182 3449 scriptis
1229 3382 1524 3447 magnas
1573 3360 1724 3446 agit
1770 3360 2094 3446 dialogus
2140 3358 2396 3448 partes.

722 3486 1068 3551 Adsumas
1116 3484 1376 3549 atticae
1424 3484 1677 3550 indolis
1716 3484 2151 3549 alacritatem
2210 3508 2337 3550 nec
2408 3486 2548 3551 iam
2594 3486 2847 3553 mirum

505 3592 711 3676 dices,
761 3592 946 3678 quod
995 3592 1096 3681 ita
1129 3590 1420 3659 rarescit
1452 3590 1898 3679 antepositio,
1946 3590 2020 3655 in
2052 3592 2275 3657 maius
2309 3601 2606 3681 augetur
2638 3594 2848 3660 inter-

505 3698 782 3787 positio·

719 3806 954 3871 Etiam
1003 3806 1268 3893 dialogi
1315 3813 1645 3872 naturam
1690 3806 2057 3893 respicias:
2126 3806 2443 3873 fulminis
2488 3832 2693 3897 saepe
2740 3812 2847 3877 in·

501 3921 649 3978 star
693 3913 1051 4000 responsio
1085 3914 1402 3998 sequitur
1429 3911 1907 3999 rogationem3
1956 3912 2405 4003 interrumpit
2450 3916 2849 4003 saepissime

507 4020 893 4085 orationem
947 4018 1310 4085 altercatio
1361 4018 1594 4105 aliqua
1630 4019 2013 4106 eademque
2047 4018 2279 4085 subito
2314 4023 2845 4109 pronuntiatum

505 4149 711 4214 porro
763 4135 911 4191 arte
973 4150 1044 4191 se
1105 4124 1464 4213 applicant
1526 4126 1754 4212 prima
1818 4125 2033 4191 verba
2096 4128 2447 4214 sequentis
2511 4128 2849 4197 orationis

504 4235 591 4301 ad
657 4233 900 4299 ultima
969 4231 1466 4297 antecedentis.
1572 4232 1753 4311 Quid
1824 4232 2181 4298 molestius
2245 4235 2545 4320 cogitari
2592 4245 2850 4324 potest,
