3200 4959
1283 335 1681 399 ..9-

307 531 699 599 sammen“:
757 528 827 594 in
877 551 1014 615 qua
1062 528 1236 595 illud
1285 528 1564 615 quidem
1614 527 1889 615 appetit
1935 528 2255 616 scriptor,
2316 536 2399 595 ut
2443 529 2649 595 simul

307 642 589 723 gestum
637 635 988 702 describat
1020 656 1238 722 usque
1271 635 1357 700 ad
1399 634 1769 702 ridiculum
1818 642 2135 702 auctum:
2184 635 2415 702 iocose
2462 635 2648 701 enim

307 742 634 831 depingit
693 741 1061 809 mulierum
1123 742 1524 809 contionem
1585 750 1798 827 atque
1862 741 2305 829 conoquium.
2400 741 2514 808 Sic
2562 741 2651 807 ri-

310 848 526 915 diculi
557 870 768 915 causa
817 847 1116 935 primum
1152 848 1266 913 hic
1297 870 1460 914 usus
1492 847 1852 915 adhibitus
1884 856 2020 914 est:
2068 856 2315 937 postea
2361 871 2527 915 vero
2576 849 2651 915 in

311 956 488 1023 alios
536 977 810 1042 quoque
858 955 1114 1043 irrupit
1157 956 1372 1021 loona.

523 1078 609 1145 In
673 1079 1140 1165 antiquiorem
1187 1079 1400 1166 paulo
1449 1086 1757 1144 aetatem
1802 1079 2193 1145 multifaria
2224 1101 2351 1145 nos
2398 1080 2651 1145 ducere

309 1184 591 1252 videtur
651 1185 926 1251 illorum
989 1186 1362 1251 verborum
1425 1185 1763 1269 variatiO,
1827 1207 2010 1271 quae
2070 1185 2264 1251 vocis
2326 1194 2651 1251 naturam

310 1292 734 1357 describunt.
828 1293 974 1357 Nec
1023 1294 1170 1357 sine
1219 1292 1510 1358 consilio
1545 1292 1701 1357 dico
1734 1291 2231 1357 multifariam:
2281 1314 2446 1357 nam
2492 1292 2651 1357 sim-

312 1399 476 1485 plex
525 1398 826 1463 variatio
861 1398 1090 1464 verbis
1129 1401 1396 1484 „rufen,
1443 1398 1801 1463 schreien“
1840 1420 2163 1487 expressa
2196 1398 2336 1463 iam
2370 1397 2653 1486 propria

311 1505 548 1571 fuerat
592 1504 920 1571 Homero,
1017 1504 1280 1592 Incipit
1327 1504 1446 1570 illa
1495 1506 1680 1571 inter
1722 1512 2066 1571 nostrates
2113 1506 2199 1571 ab
2243 1504 2651 1587 Wielandi0‚

313 1610 432 1698 qui
503 1612 576 1677 in
654 1611 1046 1694 Abderitis,
1125 1612 1436 1677 nondum
1514 1632 1681 1677 vero
1758 1610 1829 1675 in
1910 1612 2289 1698 Agathone
2312 1617 2359 1694 ¹)
2440 1611 2652 1677 verba

311 1718 604 1784 adhibet
655 1718 968 1806 „lispeln,
1033 1719 1398 1803 murmeln,
1462 1718 1957 1801 ansehnarr‘en‚
2020 1718 2397 1784 flfisterffl:
2469 1719 2652 1784 unde

311 1824 766 1891 continuatur
813 1824 924 1891 hic
989 1846 1152 1891 usus
1211 1848 1336 1913 per
1393 1826 1750 1912 sequentis
1812 1826 2146 1913 temporis
2205 1825 2503 1909 fabulas,
2566 1848 2653 1891 ex

313 1930 567 2019 quibus
613 1932 898 1998 nomino
948 1932 1252 2019 exempli
1300 1932 1556 1997 instar:
1653 1934 1719 1999 J.
1772 1932 1856 1997 G.
1906 1933 2200 1998 Mueller
2264 1932 2650 2019 „Siegfried

312 2061 454 2104 von
501 2038 994 2125 Lindenberg“
1059 2049 1129 2103 et
1175 2040 1242 2107 J.
1292 2040 1360 2107 J.
1412 2040 1678 2124 Engel:
1744 2039 2015 2104 Lorenz
2062 2039 2275 2105 Stark
2294 2044 2382 2121 2);
2454 2062 2653 2127 prae-

311 2144 553 2210 ferunt
597 2167 755 2210 eum
804 2144 1054 2211 deinde
1097 2144 1420 2211 omnibus
1464 2168 1691 2233 paene
1724 2145 1973 2211 ceteris
2014 2145 2243 2211 verbis
2285 2146 2385 2212 W.
2422 2146 2653 2213 Hauff

307 2372 383 2411 zu
434 2357 750 2413 machen“:
807 2358 912 2412 ubi
965 2356 1055 2411 nil
1108 2356 1432 2413 intercedit
1481 2358 1644 2413 inter
1691 2356 1844 2412 duos
1892 2356 2121 2430 dialogi
2170 2369 2493 2413 sermones
2532 2359 2651 2413 nisi

305 2452 520 2517 gestus
557 2445 900 2520 descriptio.

518 2554 680 2608 Hinc
745 2550 928 2608 facile
990 2554 1055 2607 in
1124 2553 1319 2626 ipsam
1390 2569 1629 2622 quoque
1699 2554 2033 2609 orationem
2114 2552 2299 2607 inseri
2379 2560 2657 2624 poterant

303 2641 653 2699 huiusmodi
678 2640 975 2699 formulae
1000 2660 1118 2709 quo
1158 2642 1464 2699 breviores
1492 2659 1562 2696 eo
1587 2640 1866 2697 facilius:
1896 2666 1962 2689 =
1996 2640 2194 2711 „Ach“
2222 2641 2377 2697 rieb
2416 2660 2490 2697 er
2524 2642 2655 2697 sich

305 2730 408 2785 die
447 2731 664 2786 Stirne.
1618 2790 1629 2802 ‚

517 2820 744 2875 Verum
799 2828 1017 2889 tamen,
1068 2826 1139 2874 ut
1191 2820 1653 2875 intericerentur
1704 2819 1964 2874 orationi
2019 2817 2417 2888 inductiones,
2472 2822 2656 2875 etiam

307 2926 414 2963 eae
469 2906 938 2980 suppeditabant
993 2908 1323 2977 formulae,
1387 2925 1541 2976 quae
1597 2909 1717 2962 iam
1775 2910 1838 2962 in
1893 2906 2369 2963 vestustioribus
2426 2908 2654 2964 fabulis

307 2998 641 3053 orationem
679 3014 1112 3064 nonnunquam
1143 2996 1617 3070 interrumpunt3
1656 2996 1733 3051 cf.
1773 2996 1915 3051 ibid.
1956 3014 2009 3069 p.
2048 3000 2117 3051 45
2156 2998 2465 3065 „vei-steht
2490 2996 2657 3053 sich“

307 3104 386 3143 er
437 3086 794 3143 lachelte
847 3087 962 3141 mit
1017 3088 1216 3143 seiner
1269 3086 1731 3159 gewohnlicben
1780 3086 2277 3143 Freundlichkeit
2324 3104 2517 3159 gegen
2566 3088 2658 3141 sie

304 3175 412 3231 hin
438 3214 451 3229 .
477 3220 490 3232 .
522 3216 567 3246 .,
623 3174 793 3244 quod·
833 3178 1208 3231 increscente
1260 3174 1514 3231 audacia
1564 3173 1749 3231 facile
1798 3182 2205 3231 commutatur
2248 3176 2311 3231 in
2352 3175 2659 3245 „versteht

306 3264 472 3319 sich“
513 3264 870 3319 lachelte
909 3282 1012 3321 er.
1041 3305 1053 3318 .
1083 3306 1096 3319 .

525 3372 574 3438 1)
614 3371 748 3426 Hoc
775 3370 1098 3426 discrimen
1127 3371 1295 3426 illinc
1321 3378 1521 3427 ortum
1551 3388 1687 3429 esse
1712 3377 1875 3443 puto,
1913 3370 2072 3438 quod
2098 3373 2305 3427 iocose
2330 3371 2659 3427 Abderitae

307 3458 521 3532 scripti
557 3466 718 3528 sunt,
759 3461 1032 3514 severius
1072 3476 1214 3515 vero
1241 3460 1540 3533 Agathou.
1619 3460 1877 3515 Satirica
1916 3460 2073 3515 enim
2106 3461 2202 3515 vel
2244 3460 2440 3515 hilara
2478 3478 2659 3533 opera

305 3548 502 3621 magis
563 3564 744 3619 quam
799 3565 1013 3604 severa
1061 3548 1123 3603 id
1177 3548 1564 3619 contendunt,
1616 3555 1687 3603 ut
1741 3547 2066 3621 diligenter
2122 3566 2527 3621 personarum,
2585 3548 2658 3604 de

309 3636 532 3704 quibus
553 3642 764 3709 agunt,
790 3636 1048 3707 vultum,
1069 3645 1328 3709 gestum,
1347 3638 1624 3693 habitum
1645 3637 1933 3709 corporiS,
1960 3644 2258 3692 staturam
2280 3636 2658 3693 describant:

308 3725 470 3793 quod
505 3726 625 3781 iam
665 3742 740 3781 ex
778 3726 1205 3797 Xenophontis
1237 3727 1558 3799 Symposio
1588 3732 1651 3781 et
1675 3726 1953 3781 Platonis
1984 3726 2370 3798 Euthydemo
2396 3734 2661 3799 apparet,

309 3816 362 3869 si
401 3813 552 3869 haec
577 3816 807 3889 scripta
833 3832 970 3871 cum
997 3818 1216 3871 ceteris
1244 3814 1705 3887 Xenophonteis
1736 3815 2193 3883 Platonicisque
2220 3822 2659 3889 comparantur.

309 3902 398 3957 De
445 3903 560 3957 hac
615 3920 680 3957 re
731 3906 1089 3958 accuratius
1143 3912 1389 3977 postea:
1456 3904 1761 3959 dicturum
1819 3905 1978 3959 enim
2034 3920 2130 3958 me
2186 3921 2319 3959 esse
2370 3922 2545 3976 spero
2598 3906 2661 3959 in

306 3994 664 4047 universum
703 3990 776 4046 de
813 3992 1092 4064 gestibus
1145 3993 1286 4062 illis,
1343 3994 1446 4061 qui
1483 3992 1644 4065 apud
1696 3994 1978 4064 antiquos
2032 3994 2406 4061 loquentium
2460 4010 2659 4065 prose-

309 4088 578 4148 quuntur
616 4083 969 4136 orationem.

521 4190 576 4253 2)
615 4188 874 4258 Schiller
913 4196 974 4243 et
1005 4188 1237 4244 Goethe
1263 4188 1427 4245 hunc
1457 4206 1639 4245 usum
1680 4189 2040 4261 neglegunt:
2082 4190 2238 4261 quod
2278 4190 2665 4257 antiquorum

299 4276 670 4333 'auctoritati
707 4278 930 4349 tribuo,
971 4279 1076 4351 qui
1115 4284 1352 4333 tantum
1392 4280 1454 4334 in
1493 4296 1596 4335 eos
1636 4277 1942 4334 valebant.
