3200 4959
1501 298 1900 363 -34-..

743 492 862 561 Sic,
917 495 990 560 in
1063 492 1328 582 poesim
1400 496 1676 582 quoque
1748 494 2011 561 irruere
2080 494 2399 563 videmus
2467 494 2869 561 Atticorum

531 624 752 687 genus
800 602 1096 668 dicendi.

743 727 1081 793 Attamen
1125 736 1566 793 revertamur
1612 728 1697 793 ad
1747 727 2137 793 orationem
2186 727 2510 795 solutam.

741 851 1214 917 Historiarum
1262 852 1665 937 fragmenta
1713 851 1768 917 si
1818 858 2356 939 perscrutamur,
2404 850 2538 916 hoo
2586 850 2735 916 fere
2766 851 2871 915 vi-

529 958 786 1024 demus.
863 956 1193 1044 Sequitur
1251 954 1738 1041 Timaeus1)
1788 958 2186 1023 Atticorum
2249 957 2679 1045 exemplum:
2740 957 2870 1022 ite-

527 1072 640 1129 rat
686 1064 870 1129 enim
919 1063 1397 1129 inductionem
1445 1100 1534 1113 -—-
1581 1064 1791 1150 frgm.
1844 1062 1971 1130 12¹7
2019 1105 2107 1113 —
2162 1070 2233 1128 et
2290 1062 2517 1130 solum
2577 1064 2869 1129 verbum

527 1168 654 1259 ἔφη
701 1171 901 1236 novit
947 1211 1032 1219 —
1081 1170 1250 1235 8¹⁶⁰·
1301 1208 1404 1253 —,
1454 1178 1817 1257 praeterea
1865 1171 2133 1235 nullum
2181 1170 2511 1253 verbum3
2559 1191 2728 1256 ergo
2778 1171 2869 1237 ed

527 1276 744 1341 finem
794 1277 1132 1364 perducta
1178 1276 1460 1341 videtur
1508 1276 1578 1340 in
1628 1276 1915 1342 Timaeo
1977 1276 2390 1365 simplicitas
2450 1274 2591 1361 illa,
2655 1298 2868 1368 quam

528 1383 961 1471 appetebant
1007 1382 1141 1471 ipsi
1188 1380 1433 1448 Attici.

741 1506 1000 1573 Contra
1089 1504 1651 1594 Phylarchus
1729 1507 2025 1573 eundem
2118 1506 2348 1573 locum
2429 1504 2659 1572 verbis
2739 1506 2867 1597 ἔφη

527 1621 597 1681 et
643 1610 825 1681 εἶπεν
871 1614 1150 1695 t-ribuit3
1201 1636 1366 1679 nam
1411 1612 1634 1679 utitur
1680 1636 1852 1679 voce
1886 1612 2011 1703 ἔφη
2042 1614 2265 1680 tribus
2296 1612 2487 1697 loeis,
2538 1623 2645 1681 ter
2696 1635 2866 1703 quo-

528 1744 659 1809 que
708 1723 922 1787 verbo
972 1717 1186 1787 εἶπενε
1249 1730 1322 1785 et
1382 1720 1840 1809 anteponitur
1888 1720 2167 1811 quidem
2229 1718 2532 1788 orationi
2592 1744 2869 1809 semper

526 1826 708 1895 εἶπεν
773 1868 844 1877 -—
915 1828 1122 1915 frgm.
1186 1829 1263 1911 8,
1325 1826 1445 1909 23,
1509 1828 1662 1892 40a
1729 1868 1849 1911 —,
1912 1826 2125 1893 semel
2194 1827 2319 1917 ἔφη
2382 1866 2461 1877 --
2528 1826 2736 1915 frgm.
2799 1830 2864 1895 6.

527 1934 900 2001 Praeterea
933 1934 1144 2001 semel
1177 1934 1468 2001 verbum
1517 1939 1714 2025 φησίν
1745 1931 2185 2021 Phylarchus
2218 1932 2505 2000 adhibet
2539 1975 2619 1983 —
2654 1934 2864 2021 frgm.

526 2042 613 2108 38
663 2082 765 2126 —,
813 2042 1026 2107 semel
1072 2040 1508 2106 infinitivum
1559 2048 1763 2131 φῆσαι
1810 2081 1896 2089 -
1946 2038 2153 2129 frgm.
2202 2040 2263 2108 8.

738 2166 990 2253 Itaque
1049 2164 1254 2232 huius
1315 2165 1652 2252 temporis
1670 2168 1720 2247 ²)
1784 2187 2005 2251 genus
2068 2165 2364 2251 dicendi,
2414 2167 2619 2253 quale
2665 2166 2867 2232 novi-

741 2346 793 2411 1)
828 2342 1000 2399 Nihil
1030 2341 1160 2396 fere
1188 2358 1263 2395 ex
1297 2340 1710 2395 antecedentis
1730 2340 2019 2413 temporis
2042 2338 2405 2415 fragmentis
2431 2342 2720 2398 discimus
2745 2344 2871 2398 nisi

525 2434 638 2489 hoe
673 2432 952 2488 fortasse.
1015 2430 1282 2486 Poetieis
1319 2424 1605 2485 formulis
1646 2444 1797 2485 usus
1836 2444 1973 2485 esee
2024 2430 2265 2485 videtur
2316 2431 2870 2504 Theopompus

526 2522 602 2579 ef.
641 2522 822 2595 frgm.
863 2524 930 2577 70
955 2526 1198 2597 ῥαγῆναι
1226 2516 1419 2591 φωνὴν
1457 2517 1516 2579 ἐξ
1541 2508 1815 2591 οἶρανοῦ;
1850 2524 2121 2578 attamen
2144 2519 2527 2577 tribuendam
2553 2536 2691 2577 esso
2712 2520 2871 2577 hano

523 2612 890 2669 locutionem
942 2608 1220 2677 equidem
1268 2614 1417 2681 puto
1465 2606 1731 2681 Diogeni
1780 2606 2042 2677 Laertio,
2094 2607 2199 2675 qui
2254 2608 2624 2683 Theopompi
2678 2609 2873 2668 affert

523 2699 768 2769 dietum,
808 2697 967 2767 quod
1006 2698 1112 2754 illa
1146 2696 1413 2752 formula
1451 2694 1791 2765 inducitur-3
1828 2696 2073 2769 saepius
2101 2697 2261 2751 enim
2287 2696 2680 2755 inferioribus
2719 2705 2871 2755 tem—

524 2789 774 2861 poribus
829 2786 977 2842 haee
1030 2784 1296 2842 formula
1355 2789 1714 2856 usurpatur:
1772 2783 1847 2839 ef.
1897 2784 2149 2857 Appien.
2220 2784 2275 2841 d.
2328 2784 2465 2841 bell.
2518 2788 2631 2844 civ.
2682 2784 2747 2842 Π
2797 2788 2861 2842 81

528 2884 786 2933 τοσοῦτον
835 2868 1174 2949 ἅπέρρηξενς
1213 2873 1442 2931 Charit.
1492 2872 1524 2927 I
1562 2875 1613 2943 8,
1654 2874 1685 2927 3
1739 2872 1969 2947 ἔρρηξεν
2020 2870 2242 2949 φανήῃ
2294 2874 2575 2931 Eusthet.
2614 2875 2708 2933 111
2750 2878 2796 2947 1,
2836 2878 2871 2931 3

525 2963 844 3040 κατερράγη
881 2962 1040 3038 φωνή
1055 2981 1068 3018 :
1119 2977 1428 3031 nunquam
1465 2976 1612 3017 vero
1650 2972 1793 3017 aute
1828 2962 1981 3019 talia.
2016 2962 2428 3019 inveniuntur.

737 3056 792 3125 2)
829 3053 1076 3109 Eisdem
1110 3052 1241 3107 fere
1275 3050 1650 3123 temporibus
1690 3050 1737 3105 T
1754 3051 1917 3106 eles
1956 3052 2234 3125 sex-ipsit,
2282 3068 2396 3107 nee
2432 3060 2635 3110 tamen
2674 3053 2871 3110 audeo

524 3150 723 3203 totum
761 3144 892 3201 eius
949 3158 1304 3211 sermonem,
1360 3156 1537 3209 quem
1588 3140 1873 3197 novimus
1924 3156 1999 3195 ex
2052 3143 2365 3215 excerptis,
2416 3141 2573 3213 huie,
2624 3142 2699 3197 de
2748 3160 2870 3211 quo

523 3235 778 3308 egimus,
833 3232 1090 3303 tempori
1147 3230 1444 3287 tribuere:
1498 3227 1662 3283 haud
1720 3228 1878 3283 enim
1934 3229 2077 3299 seio,
2134 3234 2428 3303 quantum
2483 3230 2603 3303 ipsi
2658 3229 2870 3302 Teleti,

524 3329 818 3391 quantum
855 3320 1236 3394 epitomatori
1275 3318 1663 3373 tribuendum
1702 3316 1798 3371 sit.

736 3414 914 3467 Certe
951 3410 1126 3465 adest
1152 3407 1523 3464 cottidianus
1554 3420 1785 3461 sermo:
1829 3406 1941 3462 hoe
1979 3422 2053 3463 ex
2091 3408 2169 3463 iis
2208 3406 2357 3465 loeis
2397 3407 2605 3479 elueet„
2644 3408 2867 3477 quibus

523 3501 721 3557 idem
759 3500 1010 3556 verbum
1047 3497 1324 3553 statim
1361 3497 1648 3551 iteratur:
1688 3494 1850 3561 quod
1886 3512 2193 3564 nunquam
2216 3496 2413 3553 fiebat
2440 3498 2604 3571 apud
2628 3498 2869 3555 Atticos

525 3590 602 3647 ef.
638 3608 693 3663 p.
730 3594 802 3647 44
837 3588 926 3645 od.
957 3588 1162 3643 Hense
1199 3603 1254 3641 v.
1299 3588 1366 3643 14
1401 3576 1490 3657 (εὖ
1521 3606 1588 3659 γε
1626 3575 1669 3638 ὦ
1710 3584 1929 3655 τέκνον)
1966 3590 2135 3658 φησί
2171 3582 2394 3657 (τούτου
2430 3584 2539 3660 γὰρ
2578 3584 2745 3645 ἕνεκά
2782 3588 2871 3661 σε)

525 3684 744 3753 φησίν
781 3678 1078 3751 (ἐγέννησα
1119 3716 1132 3729 .
1172 3714 1184 3729 .
1225 3691 1267 3743 .;
1319 3676 1462 3729 item
1502 3690 1577 3728 ex
1632 3690 1703 3727 ea
1752 3690 1833 3743 re,
1884 3673 2047 3741 quod
2097 3674 2267 3731 nulla
2318 3676 2617 3748 particule
2661 3708 2727 3718 ——-
2773 3682 2871 3733 καὶ

523 3770 620 3825 vel
673 3770 730 3825 δὲ
782 3800 848 3808 --
900 3764 1216 3821 interiecta
1271 3780 1530 3835 sequens
1585 3761 1854 3817 inductio
1906 3760 2171 3817 succedit
2218 3780 2651 3832 nonnunquam
2704 3776 2869 3821 ante-

522 3858 772 3923 cedenti,
809 3854 881 3912 ef.
920 3874 976 3929 p.
1013 3856 1046 3910 8
1084 3870 1138 3909 v·
1183 3854 1248 3907 15
1285 3852 1478 3925 (μνᾶς)
1522 3856 1737 3924 φησίν
1775 3850 1805 3905 ὃ
1853 3850 2301 3923 μυροπώλης.
2367 3844 2751 3929 ανέκραγε
2798 3886 2867 3895 -

523 3948 648 4003 soil.
685 3948 715 4001 ὅ
741 3948 1014 4019 Διογένης
1039 3972 1104 3985 --
1131 3936 1454 4014 (πολυτελής
1491 3962 1562 4013 γε
1600 3940 1633 4011 ἡ
1658 3937 1869 4009 utilas->3
1924 3938 2209 3995 similiter
2234 3941 2529 4012 seriptum
2560 3948 2656 3998 est
2680 3960 2734 4015 p.
2762 3946 2813 4013 9,
2835 3944 2869 3999 2

523 4036 786 4109 (χαλκοῦ)
821 4038 1064 4107 φησίν·
1106 4024 1530 4101 ανέκραγεν
1567 4027 1598 4083 ὅ
1634 4029 1992 4099 Διογένης
2040 4018 2377 4101 (eurohic
2412 4051 2494 4102 γε
2536 4030 2567 4103 ἦ
2614 4027 2869 4105 πόλις).

735 4122 859 4177 Neo
895 4128 1098 4177 tamen
1133 4126 1304 4175 totus
1342 4116 1570 4173 Teletis
1608 4130 1807 4173 sermo
1844 4116 2117 4188 vulgaris
2170 4115 2457 4173 dicendus
2510 4126 2635 4174 est:
2687 4121 2871 4179 inter·

524 4214 770 4284 ponitur
820 4212 978 4264 enim
1031 4224 1265 4280 semper
1317 4204 1444 4259 fere
1495 4204 1748 4260 verbum
1799 4210 1966 4278 φησίν
2006 4237 2072 4246 -
2117 4206 2303 4260 181808
2342 4238 2425 4276 --,
2477 4210 2873 4280 praeponitur
