3200 4959
1533 321 1927 387 ...52—

557 524 637 583 ut
681 522 1156 605 anteponatur
1201 535 1473 605 semper
1525 515 1917 583 subiectum
1966 516 2203 601 verb0,
2250 517 2343 585 cf.
2392 516 2599 585 Mem.
2648 516 2725 583 11
2774 520 2835 602 l,
2865 521 2897 584 1

559 674 574 689 .
613 675 628 689 .
665 674 680 689 .
717 676 732 691 .
765 624 878 689 καὶ
923 617 958 691 ὁ
1002 615 1447 709 Ἀρίστιππος
1491 620 1619 711 ἔφη
1650 622 1697 709 <.
1734 672 1749 689 .
1785 624 1833 712 .>
1880 623 2327 691 Contrarium
2374 646 2543 691 sane
2590 624 2905 693 videmus

559 730 814 819 Cyrop.
863 730 976 795 111
1009 730 1072 814 2,
1101 730 1219 813 18;
1269 728 1384 795 hic
1417 728 1605 796 enim
1634 729 2115 817 praemittitur
2144 730 2456 799 subiecto
2490 730 2553 797 οἱ
2586 732 2903 799 Χαλδαῖοι

557 836 1028 902 inductorium
1075 834 1360 925 ἔφασανε
1440 842 1513 900 et
1571 835 1851 925 quidem
1917 836 2051 902 hoc
2112 836 2402 903 verbum
2462 837 2903 924 rogationem

483 975 490 984 ·
557 942 895 1009 directam
958 942 1276 1029 sequitur
1333 940 1741 1029 inducitque
1803 964 2211 1030 responsum
2273 944 2320 1031 <.
2354 996 2373 1011 .
2408 996 2422 1010 .
2460 998 2475 1011 .
2524 938 2769 1033 ὁπόσην
2826 940 2905 1011 ἄν

557 1051 794 1138 θέλητε
811 1051 858 1138 ;>
915 1048 1167 1138 ἔφασαν
1213 1048 1274 1115 οἱ
1325 1048 1640 1115 Χαλδαῖοι
1686 1046 1775 1135 (εἰ
1820 1048 2243 1133 πιστεύοιμεν
2284 1048 2377 1140 μὴ
2422 1042 2901 1140 ἀδικήσεσθαι).

561 1157 896 1224 Attamen
965 1155 1080 1223 hic
1147 1156 1341 1223 locus
1403 1154 1929 1221 excusationem
1998 1156 2307 1242 aliquam
2376 1157 2625 1241 habet;
2712 1168 2902 1225 ante-

559 1264 932 1329 cendentes
979 1262 1167 1327 enim
1225 1261 1282 1329 si
1329 1261 1799 1351 percurrimus
1847 1283 2120 1347 versuS,
2184 1265 2429 1329 eodem
2488 1264 2635 1331 fere
2692 1265 2901 1331 modo

559 1369 829 1437 duobus
902 1368 1079 1436 locis
1154 1368 1341 1435 idem
1410 1368 1703 1435 verbum
1772 1366 2024 1457 ἔφασαν
2099 1367 2478 1437 admissum
2554 1370 2905 1439 videmus:

559 1475 671 1541 III
728 1476 791 1561 2,
837 1475 919 1540 17
982 1473 1233 1564 ἔφασαν
1293 1472 1355 1541 οἱ
1417 1474 1769 1559 Χαλδαῖοι,
1838 1474 2158 1543 similiter
2224 1476 2309 1543 18
2370 1483 2739 1567 συνέφασαν
2794 1478 2905 1545 καὶ

557 1591 783 1665 τοῦτο;
855 1604 984 1647 nec
1057 1589 1293 1649 tamen
1362 1580 1478 1647 hic
1549 1580 1891 1648 directam
1962 1581 2355 1651 orationem
2424 1584 2697 1653 inducit
2764 1607 2903 1652 vox

561 1688 830 1778 ἔφασαν,
875 1689 998 1755 sed
1043 1688 1411 1776 significat
1461 1686 2045 1775 „affirmabant“:
2116 1712 2284 1777 ergo
2332 1698 2522 1757 recte
2576 1692 2685 1757 his
2730 1692 2901 1759 locis

560 1795 852 1862 verbum
899 1796 1215 1862 subiecto
1266 1794 1854 1882 praeponebatur.
1947 1796 2152 1863 Unde
2200 1818 2282 1863 eo
2332 1796 2612 1865 facilius
2658 1800 2902 1865 eadem

557 1902 932 1969 verborum
965 1900 1336 1969 collocatio
1383 1900 1460 1965 in
1491 1922 1673 1984 eum,
1721 1902 1805 1967 de
1838 1924 1977 1989 quo
2012 1901 2307 1989 agimus,
2354 1904 2587 1971 locum
2620 1914 2903 1995 poterat

550 2008 842 2094 deferri,
909 2030 1068 2075 cum
1141 2006 1277 2075 hoc
1351 2014 1709 2096 postremo
1792 2030 2071 2095 quoque
2132 2009 2289 2077 loco
2360 2011 2604 2077 eadem
2672 2012 2899 2101 accipi

548 2116 773 2202 possit
833 2114 1027 2181 verbi
1089 2113 1341 2203 ἔφασαν
1402 2114 1639 2199 noti0,
1702 2136 1881 2199 quae
1950 2122 2057 2181 est
2116 2114 2685 2201 „affirmabant“.
2781 2119 2897 2185 Sic

548 2222 784 2307 aliqua
860 2220 1133 2287 ratione
1212 2220 1414 2286 huius
1493 2219 1633 2285 loci
1706 2219 2085 2307 singularis
2160 2228 2386 2289 status
2463 2224 2893 2313 explicatur:

548 2335 864 2395 attamen
913 2328 1111 2393 adest
1155 2326 1565 2393 inaccurata
1614 2326 1850 2413 aliqua
1899 2326 2229 2413 loquendi
2277 2328 2525 2399 forma.

708 2496 720 2509 '
757 2488 994 2574 Atque
1025 2485 1231 2552 huius
1279 2486 1382 2551 rei
1415 2486 1667 2553 similia
1716 2486 1789 2550 in
1838 2485 1995 2552 aliis
2024 2508 2303 2575 quoque
2336 2488 2615 2577 scriptis
2648 2491 2887 2558 Xeno-

545 2594 868 2683 phonteis
959 2592 1414 2659 inveniuntur
1494 2593 1874 2679 eademque
1954 2592 2305 2681 attingere
2383 2619 2888 2684 nonnunquam

543 2700 874 2767 videntur
915 2720 1138 2787 genus
1187 2700 1470 2787 aliquod
1517 2698 1815 2783 dicendi,
1879 2702 2065 2785 quod
2126 2722 2457 2767 accurato
2516 2704 2681 2770 stilo
2746 2727 2880 2770 om·

543 2808 709 2873 nino
773 2812 985 2873 caret.
1079 2806 1252 2873 Illos
1309 2804 1465 2871 dico
1526 2806 1739 2890 locos,
1806 2806 2059 2893 quibus
2120 2807 2545 2894 colloquium
2607 2810 2893 2897 aliquod

540 2916 614 2980 in
663 2915 874 2998 aliud,
924 2914 1058 2979 hoc
1105 2912 1177 2978 in
1241 2912 1527 2979 tertium
1588 2912 1922 2977 inseritur
1982 2935 2109 2979 nec
2174 2922 2413 2979 tamen
2474 2924 2895 3004 separantur

543 3028 870 3087 accurate
930 3019 1368 3107 loquentium
1439 3025 1699 3106 partes.
1794 3019 1993 3098 Quod
2066 3020 2717 3089 manifestissimum
2786 3037 2891 3091 est

538 3130 612 3194 in
660 3124 1167 3214 Xenophontis
1214 3124 1713 3191 Oeconomico:
1776 3124 1897 3190 ubi
1946 3126 2273 3191 Socrates
2316 3150 2477 3193 cum
2524 3130 2891 3197 Critobulo

540 3235 924 3302 collocutus
973 3231 1274 3298 alterum
1322 3238 1567 3297 narrat
1616 3231 2063 3318 colloquium,
2130 3235 2317 3319 quod
2379 3234 2687 3301 habebat
2732 3260 2893 3303 cum

537 3338 1020 3422 Ischomacho,
1068 3338 1182 3403 hic
1233 3360 1398 3403 vero
1451 3338 1759 3421 tertium,
1826 3339 2013 3423 quod
2060 3338 2373 3405 habebat
2432 3362 2589 3407 cum
2654 3364 2891 3411 uxore.

535 3451 734 3515 Haec
805 3445 1043 3513 omnia
1115 3444 1466 3531 colloquia
1537 3464 1697 3509 cum
1762 3444 2028 3511 directa
2092 3446 2409 3512 oratione
2471 3448 2893 3534 referantur,

537 3556 642 3621 bis
675 3550 1057 3619 narratoris
1089 3558 1312 3616 status
1347 3558 1681 3617 mutatur.
1750 3550 1817 3614 A
1850 3550 2189 3639 scriptore
2220 3552 2373 3639 ipso
2406 3554 2495 3619 ad
2530 3555 2891 3623 Socratem

534 3661 975 3743 transfertur,
1025 3658 1190 3725 inde
1235 3659 1324 3725 ad
1373 3656 1929 3727 Ischomachum.
2024 3659 2263 3745 Atque
2324 3663 2642 3747 quaestio
2708 3686 2895 3729 nunc

535 3770 676 3837 iam
733 3765 1042 3849 exsistit,
1105 3766 1456 3851 quomodo
1518 3764 1685 3831 huic
1746 3764 2165 3833 difficultati
2226 3766 2632 3855 Xenophon
2692 3772 2895 3839 satis·

533 3876 803 3942 fecerit.
900 3874 1257 3938 Incertum
1307 3893 1466 3937 eum
1515 3871 1851 3938 videmus.
1946 3872 2209 3958 Nequit
2258 3873 2441 3939 enim
2492 3898 2617 3962 per
2662 3884 2891 3945 totum

531 3978 978 4051 Ischomachi
1053 4002 1212 4045 cum
1283 4000 1500 4045 uxore
1571 3978 2002 4064 colloquium
2081 3979 2377 4045 oratoris
2450 3992 2687 4069 partes
2766 3984 2892 4052 soli

531 4086 989 4157 Ischomacho
1023 4085 1351 4151 tribuere.
1431 4083 1634 4153 Licet
1666 4085 1853 4149 enim
1887 4084 2278 4171 explicetur
2308 4089 2655 4175 propositi
2690 4092 2892 4157 novi-

529 4206 678 4280 tate
725 4196 898 4261 illud
931 4192 1056 4281 ἔφη
1087 4228 1172 4243 -
1205 4190 1416 4257 scilic.
1453 4185 1487 4256 ὁ
1534 4183 1918 4277 Ἰσχόμαχος
1952 4230 2055 4277 —,
2090 4194 2275 4277 quod
2310 4193 2509 4259 initio
2560 4188 2893 4285 colloquii
