3200 4959
1322 368 1412 379 ...
1477 328 1564 395 55
1632 368 1721 377 -.

350 524 790 591 inhaerescit.
885 526 1040 603 Qua
1087 546 1162 591 re
1207 526 1426 612 paulo
1473 525 1899 612 superiorem
1962 524 2105 591 stili
2165 525 2465 591 formam
2530 523 2691 590 atti-

348 631 532 716 gisse
578 631 858 699 videtur
905 633 1132 701 Plato.

557 738 710 803 Iam
760 740 848 805 ad
895 738 1081 805 hunc
1129 738 1358 827 ipsum
1407 739 1683 809 aocedO.

559 845 1000 931 Quamquam
1047 845 1194 911 veri
1255 852 1364 911 est
1423 843 1647 911 simile
1690 845 1853 915 ⁴iam
1915 852 2080 911 ante
2140 843 2689 933 Xenophontem

345 950 692 1017 scribendi
738 951 1018 1017 initium
1054 952 1112 1016 P
1133 953 1522 1021 latonam
1555 951 1823 1037 fecisse,
1856 958 2093 1018 tamen
2124 974 2266 1019 non
2300 949 2447 1017 sine
2480 972 2689 1017 causa

343 1058 531 1123 hunc
583 1058 994 1146 scriptorem
1041 1058 1272 1128 adhuc
1319 1058 1538 1125 omisi.
1622 1058 1861 1127 Etiam
1906 1056 2213 1125 severius
2246 1057 2430 1125 enim
2476 1079 2689 1143 quam

347 1158 754 1251 Xenophon
826 1164 914 1229 ab
985 1166 1178 1231 omni
1233 1165 1719 1252 praecedentis
1778 1164 2033 1233 aetatis
2090 1164 2507 1249 auctoritate
2570 1163 2688 1229 ab·

351 1270 645 1337 horrens
675 1293 849 1353 ‚eum
897 1270 984 1335 ad
1023 1271 1251 1337 ⁴finem
1299 1272 1621 1359 perducit
1666 1291 2130 1360 progressum,
2190 1277 2271 1339 ut
2318 1272 2687 1337 verborum

345 1378 696 1443 delent-um
743 1400 954 1463 quam
1001 1378 1518 1465 angustissimis
1562 1378 1953 1445 includeret
1995 1378 2333 1449 terminis.

557 1502 688 1568 Oui
735 1503 836 1568 rei
883 1502 955 1567 id
1002 1493 1306 1569 maxime
1337 1503 1650 1588 favebat,
1700 1503 1885 1589 quod
1916 1502 2101 1569 solos
2130 1502 2449 1589 dialogos
2480 1503 2685 1570 Plato

343 1610 644 1697 scripsit.
745 1608 1092 1688 Quocirca
1153 1610 1455 1677 inserere
1502 1607 1845 1677 nonnulla
1891 1609 2101 1675 liceat
2158 1609 2372 1676 verba
2418 1610 2503 1676 de
2551 1610 2685 1677 hoc

340 1717 736 1783 litterarum
788 1735 1062 1803 genere.

557 1842 1000 1925 Antecedant
1069 1862 1296 1929 pauca
1363 1842 1578 1907 verba
1650 1842 1734 1906 de
1799 1840 1946 1907 eius
2015 1840 2303 1928 origine.
2398 1840 2683 1928 Dialogi

341 1948 569 2015 forma
605 1948 688 2013 ad
729 1948 900 2013 duos
936 1948 1222 2035 respicit
1251 1946 1506 2014 fontes.
1555 1948 1671 2014 Illi
1706 1948 1889 2013 enim
1923 1948 2207 2034 dialogi,
2243 1948 2361 2034 qui
2393 1968 2681 2014 narran-

337 2062 472 2138 tur,
524 2054 614 2119 ad
659 2054 1024 2120 historiam
1072 2054 1490 2142 respiciunt;
1551 2052 1617 2120 ei
1664 2078 1852 2139 vero,
1917 2055 2037 2143 qui
2084 2054 2466 2119 dramatico
2526 2053 2681 2121 ficti

335 2170 521 2244 sunt,
569 2161 658 2226 ad
707 2160 955 2226 mimos
1015 2160 1170 2227 illos
1227 2161 1347 2247 qui
1393 2160 1780 2249 Sophronis
1828 2162 2157 2227 dicuntur
2204 2160 2461 2247 quique
2507 2161 2679 2227 illud

333 2268 642 2334 maxime
677 2274 1042 2356 appetunt,
1091 2275 1172 2333 ut
1218 2268 1533 2334 diverbia
1581 2268 1868 2356 fingant
1905 2268 2036 2356 ipsi
2070 2266 2257 2332 vitae
2291 2290 2680 2335 accommo-

334 2376 537 2441 data:
589 2398 726 2461 qua
775 2374 890 2439 via
939 2372 1160 2440 multa
1195 2375 1551 2465 accipiunt
1589 2400 1675 2441 ex
1722 2397 2118 2442 sermone
2168 2374 2679 2442 cottidiano

331 2490 634 2569 sumpta.

553 2588 750 2653 Inter
825 2588 953 2654 has
1021 2590 1286 2654 formas
1356 2588 1620 2675 dialogi
1686 2588 1793 2654 illi
1858 2589 2216 2655 fluctuant
2284 2589 2404 2677 qui
2473 2610 2679 2677 prosa

333 2695 656 2762 oratione
705 2694 947 2783 scripti
995 2700 1176 2761 sunt.

343 2810 349 2813 ’
554 2794 864 2881 Quarum
943 2800 1328 2867 formarum
1407 2802 1495 2867 ad
1573 2803 1871 2890 primam
1940 2802 2343 2891 Xenophon
2421 2802 2679 2890 quippe

333 2908 710 2975 historicus
757 2904 1146 2995 propensus
1205 2914 1330 2992 est,
1393 2909 1508 2993 ad,
1536 2910 1913 2975 secundam
1960 2931 2126 2975 vero
2175 2908 2401 2974 Plato.
2494 2908 2675 2973 Nam

333 3015 749 3104 plerumque
830 3014 1111 3100 quidem
1190 3014 1610 3081 dramaticos
1687 3016 2005 3103 dialogos
2081 3015 2287 3080 Plato
2366 3015 2675 3104 scripsit3

337 3122 548 3210 porro
597 3120 669 3186 in
719 3118 966 3187 ceteris
1014 3144 1288 3210 quoque
1337 3122 1482 3187 eius
1515 3122 1813 3211 dialogis
1846 3122 2103 3187 indicia
2137 3122 2371 3209 aliqua
2404 3123 2676 3205 adsunt,

331 3251 514 3315 quae
550 3230 637 3294 ad
675 3228 1052 3293 secunda-m
1087 3228 1281 3295 illam
1315 3228 1619 3295 formam
1653 3228 1993 3317 respicere
2026 3228 2371 3296 videntur.
2440 3230 2675 3295 Xeno-

330 3334 524 3423 phon
573 3334 756 3399 enim
803 3336 879 3416 in
927 3334 1104 3423 ipsis
1152 3334 1448 3422 dialogis
1495 3358 1634 3403 non
1686 3356 1887 3403 omne
1933 3336 2219 3423 respuit,
2268 3334 2449 3401 sicut
2489 3335 2676 3401 vide-

331 3442 600 3527 bamuS,
647 3440 1094 3507 historiarum
1155 3464 1377 3529 genus
1425 3442 1732 3527 dicendi,
1805 3449 2049 3509 contra
2096 3442 2409 3529 sequitur
2468 3442 2674 3508 Plato

335 3548 566 3635 magis
616 3571 826 3635 quam
875 3546 1282 3635 Xenophon
1329 3548 1570 3635 populi
1620 3572 2041 3615 sermonem:
2098 3556 2168 3614 et
2214 3549 2347 3615 hoc
2397 3548 2675 3636 quidem

331 3678 416 3720 ex
466 3678 546 3720 ea
595 3678 667 3720 re
717 3660 1030 3744 apparet,
1104 3656 1286 3745 quod
1353 3675 1628 3720 omnem
1688 3654 1833 3720 fere
1882 3654 2147 3743 spernit
2193 3654 2673 3722 inductionum

329 3761 768 3847 varietatem,
819 3762 907 3827 cf.
957 3784 1023 3851 p.
1057 3762 1162 3827 56.

545 3884 639 3950 Et
691 3895 990 3973 augetur
1050 3876 1181 3951 h'oc
1243 3886 1546 3951 studium
1609 3884 1746 3951 alia
1805 3910 1901 3971 re,
1962 3908 2138 3973 quae
2188 3887 2337 3974 ipsa
2398 3909 2672 3973 quoque

330 4015 414 4058 ex
464 3988 728 4079 dialogi
773 4000 1026 4059 natura
1075 4000 1230 4059 orta
1277 4016 1422 4059 esse
1470 3992 1763 4059 videtur.

543 4117 800 4181 Etiam.
860 4117 1085 4205 magis
1161 4117 1347 4188 enim
1424 4140 1635 4205 quam
1711 4118 1783 4183 in
1854 4117 2327 4205 Xenophonte
2397 4140 2671 4183 severas

334 4222 826 4310 philosophiae
875 4231 1110 4310 partes
1142 4224 1462 4311 dialogus
1511 4226 1698 4312 apud
1738 4226 2109 4291 Platonem
2156 4225 2499 4312 sequitur:
2546 4224 2671 4293 sci-
